%YAML 1.1
%TAG !u! tag:unity3d.com,2011:
--- !u!29 &1
OcclusionCullingSettings:
  m_ObjectHideFlags: 0
  serializedVersion: 2
  m_OcclusionBakeSettings:
    smallestOccluder: 5
    smallestHole: 0.25
    backfaceThreshold: 100
  m_SceneGUID: 00000000000000000000000000000000
  m_OcclusionCullingData: {fileID: 0}
--- !u!104 &2
RenderSettings:
  m_ObjectHideFlags: 0
  serializedVersion: 9
  m_Fog: 0
  m_FogColor: {r: 0.5, g: 0.5, b: 0.5, a: 1}
  m_FogMode: 3
  m_FogDensity: 0.01
  m_LinearFogStart: 0
  m_LinearFogEnd: 300
  m_AmbientSkyColor: {r: 0.212, g: 0.227, b: 0.259, a: 1}
  m_AmbientEquatorColor: {r: 0.114, g: 0.125, b: 0.133, a: 1}
  m_AmbientGroundColor: {r: 0.047, g: 0.043, b: 0.035, a: 1}
  m_AmbientIntensity: 1
  m_AmbientMode: 0
  m_SubtractiveShadowColor: {r: 0.42, g: 0.478, b: 0.627, a: 1}
  m_SkyboxMaterial: {fileID: 10304, guid: 0000000000000000f000000000000000, type: 0}
  m_HaloStrength: 0.5
  m_FlareStrength: 1
  m_FlareFadeSpeed: 3
  m_HaloTexture: {fileID: 0}
  m_SpotCookie: {fileID: 10001, guid: 0000000000000000e000000000000000, type: 0}
  m_DefaultReflectionMode: 0
  m_DefaultReflectionResolution: 128
  m_ReflectionBounces: 1
  m_ReflectionIntensity: 1
  m_CustomReflection: {fileID: 0}
  m_Sun: {fileID: 0}
  m_IndirectSpecularColor: {r: 0.37311953, g: 0.38074014, b: 0.3587274, a: 1}
  m_UseRadianceAmbientProbe: 0
--- !u!157 &3
LightmapSettings:
  m_ObjectHideFlags: 0
  serializedVersion: 11
  m_GIWorkflowMode: 0
  m_GISettings:
    serializedVersion: 2
    m_BounceScale: 1
    m_IndirectOutputScale: 1
    m_AlbedoBoost: 1
    m_TemporalCoherenceThreshold: 1
    m_EnvironmentLightingMode: 0
    m_EnableBakedLightmaps: 1
    m_EnableRealtimeLightmaps: 1
  m_LightmapEditorSettings:
    serializedVersion: 10
    m_Resolution: 2
    m_BakeResolution: 40
    m_AtlasSize: 1024
    m_AO: 0
    m_AOMaxDistance: 1
    m_CompAOExponent: 1
    m_CompAOExponentDirect: 0
    m_Padding: 2
    m_LightmapParameters: {fileID: 0}
    m_LightmapsBakeMode: 1
    m_TextureCompression: 1
    m_FinalGather: 0
    m_FinalGatherFiltering: 1
    m_FinalGatherRayCount: 256
    m_ReflectionCompression: 2
    m_MixedBakeMode: 2
    m_BakeBackend: 1
    m_PVRSampling: 1
    m_PVRDirectSampleCount: 32
    m_PVRSampleCount: 500
    m_PVRBounces: 2
    m_PVRFilterTypeDirect: 0
    m_PVRFilterTypeIndirect: 0
    m_PVRFilterTypeAO: 0
    m_PVRFilteringMode: 1
    m_PVRCulling: 1
    m_PVRFilteringGaussRadiusDirect: 1
    m_PVRFilteringGaussRadiusIndirect: 5
    m_PVRFilteringGaussRadiusAO: 2
    m_PVRFilteringAtrousPositionSigmaDirect: 0.5
    m_PVRFilteringAtrousPositionSigmaIndirect: 2
    m_PVRFilteringAtrousPositionSigmaAO: 1
    m_ShowResolutionOverlay: 1
  m_LightingDataAsset: {fileID: 0}
  m_UseShadowmask: 1
--- !u!196 &4
NavMeshSettings:
  serializedVersion: 2
  m_ObjectHideFlags: 0
  m_BuildSettings:
    serializedVersion: 2
    agentTypeID: 0
    agentRadius: 0.5
    agentHeight: 2
    agentSlope: 45
    agentClimb: 0.4
    ledgeDropHeight: 0
    maxJumpAcrossDistance: 0
    minRegionArea: 2
    manualCellSize: 0
    cellSize: 0.16666667
    manualTileSize: 0
    tileSize: 256
    accuratePlacement: 0
    debug:
      m_Flags: 0
  m_NavMeshData: {fileID: 0}
--- !u!1001 &44458211
Prefab:
  m_ObjectHideFlags: 0
  serializedVersion: 2
  m_Modification:
    m_TransformParent: {fileID: 0}
    m_Modifications:
    - target: {fileID: 4737303687450978, guid: 1fe0edcd67ecead46841cda0c9dfe082, type: 2}
      propertyPath: m_LocalPosition.x
      value: 28
      objectReference: {fileID: 0}
    - target: {fileID: 4737303687450978, guid: 1fe0edcd67ecead46841cda0c9dfe082, type: 2}
      propertyPath: m_LocalPosition.y
      value: 4.37
      objectReference: {fileID: 0}
    - target: {fileID: 4737303687450978, guid: 1fe0edcd67ecead46841cda0c9dfe082, type: 2}
      propertyPath: m_LocalPosition.z
      value: 0
      objectReference: {fileID: 0}
    - target: {fileID: 4737303687450978, guid: 1fe0edcd67ecead46841cda0c9dfe082, type: 2}
      propertyPath: m_LocalRotation.x
      value: 0.7071068
      objectReference: {fileID: 0}
    - target: {fileID: 4737303687450978, guid: 1fe0edcd67ecead46841cda0c9dfe082, type: 2}
      propertyPath: m_LocalRotation.y
      value: 0
      objectReference: {fileID: 0}
    - target: {fileID: 4737303687450978, guid: 1fe0edcd67ecead46841cda0c9dfe082, type: 2}
      propertyPath: m_LocalRotation.z
      value: 0
      objectReference: {fileID: 0}
    - target: {fileID: 4737303687450978, guid: 1fe0edcd67ecead46841cda0c9dfe082, type: 2}
      propertyPath: m_LocalRotation.w
      value: 0.7071068
      objectReference: {fileID: 0}
    - target: {fileID: 4737303687450978, guid: 1fe0edcd67ecead46841cda0c9dfe082, type: 2}
      propertyPath: m_RootOrder
      value: 11
      objectReference: {fileID: 0}
    - target: {fileID: 1527697825950510, guid: 1fe0edcd67ecead46841cda0c9dfe082, type: 2}
      propertyPath: m_Name
      value: Spike (4)
      objectReference: {fileID: 0}
    - target: {fileID: 4737303687450978, guid: 1fe0edcd67ecead46841cda0c9dfe082, type: 2}
      propertyPath: m_LocalEulerAnglesHint.x
      value: 90
      objectReference: {fileID: 0}
    m_RemovedComponents: []
  m_SourcePrefab: {fileID: 100100000, guid: 1fe0edcd67ecead46841cda0c9dfe082, type: 2}
  m_IsPrefabAsset: 0
--- !u!1001 &213851738
Prefab:
  m_ObjectHideFlags: 0
  serializedVersion: 2
  m_Modification:
    m_TransformParent: {fileID: 0}
    m_Modifications:
    - target: {fileID: 4254160667940456, guid: d94399e4759ff5f4c82c61ea82570b53, type: 2}
      propertyPath: m_LocalPosition.x
      value: 47
      objectReference: {fileID: 0}
    - target: {fileID: 4254160667940456, guid: d94399e4759ff5f4c82c61ea82570b53, type: 2}
      propertyPath: m_LocalPosition.y
      value: 9.5
      objectReference: {fileID: 0}
    - target: {fileID: 4254160667940456, guid: d94399e4759ff5f4c82c61ea82570b53, type: 2}
      propertyPath: m_LocalPosition.z
      value: 0
      objectReference: {fileID: 0}
    - target: {fileID: 4254160667940456, guid: d94399e4759ff5f4c82c61ea82570b53, type: 2}
      propertyPath: m_LocalRotation.x
      value: 1
      objectReference: {fileID: 0}
    - target: {fileID: 4254160667940456, guid: d94399e4759ff5f4c82c61ea82570b53, type: 2}
      propertyPath: m_LocalRotation.y
      value: 0
      objectReference: {fileID: 0}
    - target: {fileID: 4254160667940456, guid: d94399e4759ff5f4c82c61ea82570b53, type: 2}
      propertyPath: m_LocalRotation.z
      value: 0
      objectReference: {fileID: 0}
    - target: {fileID: 4254160667940456, guid: d94399e4759ff5f4c82c61ea82570b53, type: 2}
      propertyPath: m_LocalRotation.w
      value: 0
      objectReference: {fileID: 0}
    - target: {fileID: 4254160667940456, guid: d94399e4759ff5f4c82c61ea82570b53, type: 2}
      propertyPath: m_RootOrder
      value: 18
      objectReference: {fileID: 0}
    - target: {fileID: 1446122595836982, guid: d94399e4759ff5f4c82c61ea82570b53, type: 2}
      propertyPath: m_Name
      value: WalkerEnemy (5)
      objectReference: {fileID: 0}
    - target: {fileID: 4254160667940456, guid: d94399e4759ff5f4c82c61ea82570b53, type: 2}
      propertyPath: m_LocalEulerAnglesHint.x
      value: 180
      objectReference: {fileID: 0}
    m_RemovedComponents: []
  m_SourcePrefab: {fileID: 100100000, guid: d94399e4759ff5f4c82c61ea82570b53, type: 2}
  m_IsPrefabAsset: 0
--- !u!1001 &286025785
Prefab:
  m_ObjectHideFlags: 0
  serializedVersion: 2
  m_Modification:
    m_TransformParent: {fileID: 0}
    m_Modifications:
    - target: {fileID: 4737303687450978, guid: 1fe0edcd67ecead46841cda0c9dfe082, type: 2}
      propertyPath: m_LocalPosition.x
      value: 29
      objectReference: {fileID: 0}
    - target: {fileID: 4737303687450978, guid: 1fe0edcd67ecead46841cda0c9dfe082, type: 2}
      propertyPath: m_LocalPosition.y
      value: 4.37
      objectReference: {fileID: 0}
    - target: {fileID: 4737303687450978, guid: 1fe0edcd67ecead46841cda0c9dfe082, type: 2}
      propertyPath: m_LocalPosition.z
      value: 0
      objectReference: {fileID: 0}
    - target: {fileID: 4737303687450978, guid: 1fe0edcd67ecead46841cda0c9dfe082, type: 2}
      propertyPath: m_LocalRotation.x
      value: 0.7071068
      objectReference: {fileID: 0}
    - target: {fileID: 4737303687450978, guid: 1fe0edcd67ecead46841cda0c9dfe082, type: 2}
      propertyPath: m_LocalRotation.y
      value: 0
      objectReference: {fileID: 0}
    - target: {fileID: 4737303687450978, guid: 1fe0edcd67ecead46841cda0c9dfe082, type: 2}
      propertyPath: m_LocalRotation.z
      value: 0
      objectReference: {fileID: 0}
    - target: {fileID: 4737303687450978, guid: 1fe0edcd67ecead46841cda0c9dfe082, type: 2}
      propertyPath: m_LocalRotation.w
      value: 0.7071068
      objectReference: {fileID: 0}
    - target: {fileID: 4737303687450978, guid: 1fe0edcd67ecead46841cda0c9dfe082, type: 2}
      propertyPath: m_RootOrder
      value: 9
      objectReference: {fileID: 0}
    - target: {fileID: 1527697825950510, guid: 1fe0edcd67ecead46841cda0c9dfe082, type: 2}
      propertyPath: m_Name
      value: Spike (2)
      objectReference: {fileID: 0}
    - target: {fileID: 4737303687450978, guid: 1fe0edcd67ecead46841cda0c9dfe082, type: 2}
      propertyPath: m_LocalEulerAnglesHint.x
      value: 90
      objectReference: {fileID: 0}
    m_RemovedComponents: []
  m_SourcePrefab: {fileID: 100100000, guid: 1fe0edcd67ecead46841cda0c9dfe082, type: 2}
  m_IsPrefabAsset: 0
--- !u!1001 &302853028
Prefab:
  m_ObjectHideFlags: 0
  serializedVersion: 2
  m_Modification:
    m_TransformParent: {fileID: 0}
    m_Modifications:
    - target: {fileID: 4477625531944754, guid: 8c37db077f4598b4e90d1f890ffabc08, type: 2}
      propertyPath: m_LocalPosition.x
      value: 73
      objectReference: {fileID: 0}
    - target: {fileID: 4477625531944754, guid: 8c37db077f4598b4e90d1f890ffabc08, type: 2}
      propertyPath: m_LocalPosition.y
      value: 9
      objectReference: {fileID: 0}
    - target: {fileID: 4477625531944754, guid: 8c37db077f4598b4e90d1f890ffabc08, type: 2}
      propertyPath: m_LocalPosition.z
      value: 0
      objectReference: {fileID: 0}
    - target: {fileID: 4477625531944754, guid: 8c37db077f4598b4e90d1f890ffabc08, type: 2}
      propertyPath: m_LocalRotation.x
      value: -0
      objectReference: {fileID: 0}
    - target: {fileID: 4477625531944754, guid: 8c37db077f4598b4e90d1f890ffabc08, type: 2}
      propertyPath: m_LocalRotation.y
      value: -0
      objectReference: {fileID: 0}
    - target: {fileID: 4477625531944754, guid: 8c37db077f4598b4e90d1f890ffabc08, type: 2}
      propertyPath: m_LocalRotation.z
      value: -0
      objectReference: {fileID: 0}
    - target: {fileID: 4477625531944754, guid: 8c37db077f4598b4e90d1f890ffabc08, type: 2}
      propertyPath: m_LocalRotation.w
      value: 1
      objectReference: {fileID: 0}
    - target: {fileID: 4477625531944754, guid: 8c37db077f4598b4e90d1f890ffabc08, type: 2}
      propertyPath: m_RootOrder
      value: 24
      objectReference: {fileID: 0}
    - target: {fileID: 4477625531944754, guid: 8c37db077f4598b4e90d1f890ffabc08, type: 2}
      propertyPath: m_LocalScale.x
      value: 7
      objectReference: {fileID: 0}
    - target: {fileID: 1369799886931136, guid: 8c37db077f4598b4e90d1f890ffabc08, type: 2}
      propertyPath: m_Name
      value: Platform (19)
      objectReference: {fileID: 0}
    m_RemovedComponents: []
  m_SourcePrefab: {fileID: 100100000, guid: 8c37db077f4598b4e90d1f890ffabc08, type: 2}
  m_IsPrefabAsset: 0
--- !u!1001 &309496261
Prefab:
  m_ObjectHideFlags: 0
  serializedVersion: 2
  m_Modification:
    m_TransformParent: {fileID: 0}
    m_Modifications:
    - target: {fileID: 4737303687450978, guid: 1fe0edcd67ecead46841cda0c9dfe082, type: 2}
      propertyPath: m_LocalPosition.x
      value: 40
      objectReference: {fileID: 0}
    - target: {fileID: 4737303687450978, guid: 1fe0edcd67ecead46841cda0c9dfe082, type: 2}
      propertyPath: m_LocalPosition.y
      value: 4.37
      objectReference: {fileID: 0}
    - target: {fileID: 4737303687450978, guid: 1fe0edcd67ecead46841cda0c9dfe082, type: 2}
      propertyPath: m_LocalPosition.z
      value: 0
      objectReference: {fileID: 0}
    - target: {fileID: 4737303687450978, guid: 1fe0edcd67ecead46841cda0c9dfe082, type: 2}
      propertyPath: m_LocalRotation.x
      value: 0.7071068
      objectReference: {fileID: 0}
    - target: {fileID: 4737303687450978, guid: 1fe0edcd67ecead46841cda0c9dfe082, type: 2}
      propertyPath: m_LocalRotation.y
      value: 0
      objectReference: {fileID: 0}
    - target: {fileID: 4737303687450978, guid: 1fe0edcd67ecead46841cda0c9dfe082, type: 2}
      propertyPath: m_LocalRotation.z
      value: 0
      objectReference: {fileID: 0}
    - target: {fileID: 4737303687450978, guid: 1fe0edcd67ecead46841cda0c9dfe082, type: 2}
      propertyPath: m_LocalRotation.w
      value: 0.7071068
      objectReference: {fileID: 0}
    - target: {fileID: 4737303687450978, guid: 1fe0edcd67ecead46841cda0c9dfe082, type: 2}
      propertyPath: m_RootOrder
      value: 27
      objectReference: {fileID: 0}
    - target: {fileID: 1527697825950510, guid: 1fe0edcd67ecead46841cda0c9dfe082, type: 2}
      propertyPath: m_Name
      value: Spike (6)
      objectReference: {fileID: 0}
    - target: {fileID: 4737303687450978, guid: 1fe0edcd67ecead46841cda0c9dfe082, type: 2}
      propertyPath: m_LocalEulerAnglesHint.x
      value: 90
      objectReference: {fileID: 0}
    m_RemovedComponents: []
  m_SourcePrefab: {fileID: 100100000, guid: 1fe0edcd67ecead46841cda0c9dfe082, type: 2}
  m_IsPrefabAsset: 0
--- !u!1001 &318824662
Prefab:
  m_ObjectHideFlags: 0
  serializedVersion: 2
  m_Modification:
    m_TransformParent: {fileID: 0}
    m_Modifications:
    - target: {fileID: 4254160667940456, guid: d94399e4759ff5f4c82c61ea82570b53, type: 2}
      propertyPath: m_LocalPosition.x
      value: 44
      objectReference: {fileID: 0}
    - target: {fileID: 4254160667940456, guid: d94399e4759ff5f4c82c61ea82570b53, type: 2}
      propertyPath: m_LocalPosition.y
      value: 9.5
      objectReference: {fileID: 0}
    - target: {fileID: 4254160667940456, guid: d94399e4759ff5f4c82c61ea82570b53, type: 2}
      propertyPath: m_LocalPosition.z
      value: 0
      objectReference: {fileID: 0}
    - target: {fileID: 4254160667940456, guid: d94399e4759ff5f4c82c61ea82570b53, type: 2}
      propertyPath: m_LocalRotation.x
      value: 1
      objectReference: {fileID: 0}
    - target: {fileID: 4254160667940456, guid: d94399e4759ff5f4c82c61ea82570b53, type: 2}
      propertyPath: m_LocalRotation.y
      value: 0
      objectReference: {fileID: 0}
    - target: {fileID: 4254160667940456, guid: d94399e4759ff5f4c82c61ea82570b53, type: 2}
      propertyPath: m_LocalRotation.z
      value: 0
      objectReference: {fileID: 0}
    - target: {fileID: 4254160667940456, guid: d94399e4759ff5f4c82c61ea82570b53, type: 2}
      propertyPath: m_LocalRotation.w
      value: 0
      objectReference: {fileID: 0}
    - target: {fileID: 4254160667940456, guid: d94399e4759ff5f4c82c61ea82570b53, type: 2}
      propertyPath: m_RootOrder
      value: 17
      objectReference: {fileID: 0}
    - target: {fileID: 1446122595836982, guid: d94399e4759ff5f4c82c61ea82570b53, type: 2}
      propertyPath: m_Name
      value: WalkerEnemy (4)
      objectReference: {fileID: 0}
    - target: {fileID: 4254160667940456, guid: d94399e4759ff5f4c82c61ea82570b53, type: 2}
      propertyPath: m_LocalEulerAnglesHint.x
      value: 180
      objectReference: {fileID: 0}
    m_RemovedComponents: []
  m_SourcePrefab: {fileID: 100100000, guid: d94399e4759ff5f4c82c61ea82570b53, type: 2}
  m_IsPrefabAsset: 0
--- !u!1 &328142132
GameObject:
  m_ObjectHideFlags: 0
  m_CorrespondingSourceObject: {fileID: 0}
  m_PrefabInternal: {fileID: 0}
  serializedVersion: 6
  m_Component:
  - component: {fileID: 328142134}
  - component: {fileID: 328142133}
  m_Layer: 0
  m_Name: LevelZoneHelper
  m_TagString: Untagged
  m_Icon: {fileID: 0}
  m_NavMeshLayer: 0
  m_StaticEditorFlags: 0
  m_IsActive: 1
--- !u!65 &328142133
BoxCollider:
  m_ObjectHideFlags: 0
  m_CorrespondingSourceObject: {fileID: 0}
  m_PrefabInternal: {fileID: 0}
  m_GameObject: {fileID: 328142132}
  m_Material: {fileID: 0}
  m_IsTrigger: 0
  m_Enabled: 1
  serializedVersion: 2
  m_Size: {x: 1, y: 1, z: 1}
  m_Center: {x: 0, y: 0, z: 0}
--- !u!4 &328142134
Transform:
  m_ObjectHideFlags: 0
  m_CorrespondingSourceObject: {fileID: 0}
  m_PrefabInternal: {fileID: 0}
  m_GameObject: {fileID: 328142132}
  m_LocalRotation: {x: -0, y: -0, z: -0, w: 1}
  m_LocalPosition: {x: 50, y: 5, z: 0}
  m_LocalScale: {x: 100, y: 10, z: 1}
  m_Children: []
  m_Father: {fileID: 0}
  m_RootOrder: 6
  m_LocalEulerAnglesHint: {x: 0, y: 0, z: 0}
--- !u!1001 &370444594
Prefab:
  m_ObjectHideFlags: 0
  serializedVersion: 2
  m_Modification:
    m_TransformParent: {fileID: 0}
    m_Modifications:
    - target: {fileID: 4477625531944754, guid: 8c37db077f4598b4e90d1f890ffabc08, type: 2}
      propertyPath: m_LocalPosition.x
      value: 79
      objectReference: {fileID: 0}
    - target: {fileID: 4477625531944754, guid: 8c37db077f4598b4e90d1f890ffabc08, type: 2}
      propertyPath: m_LocalPosition.y
      value: 5
      objectReference: {fileID: 0}
    - target: {fileID: 4477625531944754, guid: 8c37db077f4598b4e90d1f890ffabc08, type: 2}
      propertyPath: m_LocalPosition.z
      value: 0
      objectReference: {fileID: 0}
    - target: {fileID: 4477625531944754, guid: 8c37db077f4598b4e90d1f890ffabc08, type: 2}
      propertyPath: m_LocalRotation.x
      value: -0
      objectReference: {fileID: 0}
    - target: {fileID: 4477625531944754, guid: 8c37db077f4598b4e90d1f890ffabc08, type: 2}
      propertyPath: m_LocalRotation.y
      value: -0
      objectReference: {fileID: 0}
    - target: {fileID: 4477625531944754, guid: 8c37db077f4598b4e90d1f890ffabc08, type: 2}
      propertyPath: m_LocalRotation.z
      value: -0
      objectReference: {fileID: 0}
    - target: {fileID: 4477625531944754, guid: 8c37db077f4598b4e90d1f890ffabc08, type: 2}
      propertyPath: m_LocalRotation.w
      value: 1
      objectReference: {fileID: 0}
    - target: {fileID: 4477625531944754, guid: 8c37db077f4598b4e90d1f890ffabc08, type: 2}
      propertyPath: m_RootOrder
      value: 25
      objectReference: {fileID: 0}
    - target: {fileID: 4477625531944754, guid: 8c37db077f4598b4e90d1f890ffabc08, type: 2}
      propertyPath: m_LocalScale.x
      value: 7
      objectReference: {fileID: 0}
    - target: {fileID: 1369799886931136, guid: 8c37db077f4598b4e90d1f890ffabc08, type: 2}
      propertyPath: m_Name
      value: Platform (20)
      objectReference: {fileID: 0}
    m_RemovedComponents: []
  m_SourcePrefab: {fileID: 100100000, guid: 8c37db077f4598b4e90d1f890ffabc08, type: 2}
  m_IsPrefabAsset: 0
--- !u!1001 &485956789
Prefab:
  m_ObjectHideFlags: 0
  serializedVersion: 2
  m_Modification:
    m_TransformParent: {fileID: 0}
    m_Modifications:
    - target: {fileID: 4737303687450978, guid: 1fe0edcd67ecead46841cda0c9dfe082, type: 2}
      propertyPath: m_LocalPosition.x
      value: 49
      objectReference: {fileID: 0}
    - target: {fileID: 4737303687450978, guid: 1fe0edcd67ecead46841cda0c9dfe082, type: 2}
      propertyPath: m_LocalPosition.y
      value: 0.63
      objectReference: {fileID: 0}
    - target: {fileID: 4737303687450978, guid: 1fe0edcd67ecead46841cda0c9dfe082, type: 2}
      propertyPath: m_LocalPosition.z
      value: 0
      objectReference: {fileID: 0}
    - target: {fileID: 4737303687450978, guid: 1fe0edcd67ecead46841cda0c9dfe082, type: 2}
      propertyPath: m_LocalRotation.x
      value: -0.7071068
      objectReference: {fileID: 0}
    - target: {fileID: 4737303687450978, guid: 1fe0edcd67ecead46841cda0c9dfe082, type: 2}
      propertyPath: m_LocalRotation.y
      value: 0
      objectReference: {fileID: 0}
    - target: {fileID: 4737303687450978, guid: 1fe0edcd67ecead46841cda0c9dfe082, type: 2}
      propertyPath: m_LocalRotation.z
      value: 0
      objectReference: {fileID: 0}
    - target: {fileID: 4737303687450978, guid: 1fe0edcd67ecead46841cda0c9dfe082, type: 2}
      propertyPath: m_LocalRotation.w
      value: 0.7071068
      objectReference: {fileID: 0}
    - target: {fileID: 4737303687450978, guid: 1fe0edcd67ecead46841cda0c9dfe082, type: 2}
      propertyPath: m_RootOrder
      value: 19
      objectReference: {fileID: 0}
    - target: {fileID: 1527697825950510, guid: 1fe0edcd67ecead46841cda0c9dfe082, type: 2}
      propertyPath: m_Name
      value: Spike (5)
      objectReference: {fileID: 0}
    - target: {fileID: 4737303687450978, guid: 1fe0edcd67ecead46841cda0c9dfe082, type: 2}
      propertyPath: m_LocalEulerAnglesHint.x
      value: -90
      objectReference: {fileID: 0}
    m_RemovedComponents: []
  m_SourcePrefab: {fileID: 100100000, guid: 1fe0edcd67ecead46841cda0c9dfe082, type: 2}
  m_IsPrefabAsset: 0
--- !u!1001 &539655958
Prefab:
  m_ObjectHideFlags: 0
  serializedVersion: 2
  m_Modification:
    m_TransformParent: {fileID: 0}
    m_Modifications:
    - target: {fileID: 4477625531944754, guid: 8c37db077f4598b4e90d1f890ffabc08, type: 2}
      propertyPath: m_LocalPosition.x
      value: 87
      objectReference: {fileID: 0}
    - target: {fileID: 4477625531944754, guid: 8c37db077f4598b4e90d1f890ffabc08, type: 2}
      propertyPath: m_LocalPosition.y
      value: 10
      objectReference: {fileID: 0}
    - target: {fileID: 4477625531944754, guid: 8c37db077f4598b4e90d1f890ffabc08, type: 2}
      propertyPath: m_LocalPosition.z
      value: 0
      objectReference: {fileID: 0}
    - target: {fileID: 4477625531944754, guid: 8c37db077f4598b4e90d1f890ffabc08, type: 2}
      propertyPath: m_LocalRotation.x
      value: -0
      objectReference: {fileID: 0}
    - target: {fileID: 4477625531944754, guid: 8c37db077f4598b4e90d1f890ffabc08, type: 2}
      propertyPath: m_LocalRotation.y
      value: -0
      objectReference: {fileID: 0}
    - target: {fileID: 4477625531944754, guid: 8c37db077f4598b4e90d1f890ffabc08, type: 2}
      propertyPath: m_LocalRotation.z
      value: -0
      objectReference: {fileID: 0}
    - target: {fileID: 4477625531944754, guid: 8c37db077f4598b4e90d1f890ffabc08, type: 2}
      propertyPath: m_LocalRotation.w
      value: 1
      objectReference: {fileID: 0}
    - target: {fileID: 4477625531944754, guid: 8c37db077f4598b4e90d1f890ffabc08, type: 2}
      propertyPath: m_RootOrder
      value: 26
      objectReference: {fileID: 0}
    - target: {fileID: 4477625531944754, guid: 8c37db077f4598b4e90d1f890ffabc08, type: 2}
      propertyPath: m_LocalScale.x
      value: 10
      objectReference: {fileID: 0}
    - target: {fileID: 1369799886931136, guid: 8c37db077f4598b4e90d1f890ffabc08, type: 2}
      propertyPath: m_Name
      value: Platform (21)
      objectReference: {fileID: 0}
    m_RemovedComponents: []
  m_SourcePrefab: {fileID: 100100000, guid: 8c37db077f4598b4e90d1f890ffabc08, type: 2}
  m_IsPrefabAsset: 0
--- !u!1001 &623366465
Prefab:
  m_ObjectHideFlags: 0
  serializedVersion: 2
  m_Modification:
    m_TransformParent: {fileID: 0}
    m_Modifications:
    - target: {fileID: 4477625531944754, guid: 8c37db077f4598b4e90d1f890ffabc08, type: 2}
      propertyPath: m_LocalPosition.x
      value: 91
      objectReference: {fileID: 0}
    - target: {fileID: 4477625531944754, guid: 8c37db077f4598b4e90d1f890ffabc08, type: 2}
      propertyPath: m_LocalPosition.y
      value: 0
      objectReference: {fileID: 0}
    - target: {fileID: 4477625531944754, guid: 8c37db077f4598b4e90d1f890ffabc08, type: 2}
      propertyPath: m_LocalPosition.z
      value: 0
      objectReference: {fileID: 0}
    - target: {fileID: 4477625531944754, guid: 8c37db077f4598b4e90d1f890ffabc08, type: 2}
      propertyPath: m_LocalRotation.x
      value: -0
      objectReference: {fileID: 0}
    - target: {fileID: 4477625531944754, guid: 8c37db077f4598b4e90d1f890ffabc08, type: 2}
      propertyPath: m_LocalRotation.y
      value: -0
      objectReference: {fileID: 0}
    - target: {fileID: 4477625531944754, guid: 8c37db077f4598b4e90d1f890ffabc08, type: 2}
      propertyPath: m_LocalRotation.z
      value: -0
      objectReference: {fileID: 0}
    - target: {fileID: 4477625531944754, guid: 8c37db077f4598b4e90d1f890ffabc08, type: 2}
      propertyPath: m_LocalRotation.w
      value: 1
      objectReference: {fileID: 0}
    - target: {fileID: 4477625531944754, guid: 8c37db077f4598b4e90d1f890ffabc08, type: 2}
      propertyPath: m_RootOrder
      value: 8
      objectReference: {fileID: 0}
    - target: {fileID: 4477625531944754, guid: 8c37db077f4598b4e90d1f890ffabc08, type: 2}
      propertyPath: m_LocalScale.x
      value: 18
      objectReference: {fileID: 0}
    - target: {fileID: 1369799886931136, guid: 8c37db077f4598b4e90d1f890ffabc08, type: 2}
      propertyPath: m_Name
      value: Platform (5)
      objectReference: {fileID: 0}
    m_RemovedComponents: []
  m_SourcePrefab: {fileID: 100100000, guid: 8c37db077f4598b4e90d1f890ffabc08, type: 2}
  m_IsPrefabAsset: 0
--- !u!1001 &644547647
Prefab:
  m_ObjectHideFlags: 0
  serializedVersion: 2
  m_Modification:
    m_TransformParent: {fileID: 0}
    m_Modifications:
    - target: {fileID: 4477625531944754, guid: 8c37db077f4598b4e90d1f890ffabc08, type: 2}
      propertyPath: m_LocalPosition.x
      value: 10
      objectReference: {fileID: 0}
    - target: {fileID: 4477625531944754, guid: 8c37db077f4598b4e90d1f890ffabc08, type: 2}
      propertyPath: m_LocalPosition.y
      value: 0
      objectReference: {fileID: 0}
    - target: {fileID: 4477625531944754, guid: 8c37db077f4598b4e90d1f890ffabc08, type: 2}
      propertyPath: m_LocalPosition.z
      value: 0
      objectReference: {fileID: 0}
    - target: {fileID: 4477625531944754, guid: 8c37db077f4598b4e90d1f890ffabc08, type: 2}
      propertyPath: m_LocalRotation.x
      value: -0
      objectReference: {fileID: 0}
    - target: {fileID: 4477625531944754, guid: 8c37db077f4598b4e90d1f890ffabc08, type: 2}
      propertyPath: m_LocalRotation.y
      value: -0
      objectReference: {fileID: 0}
    - target: {fileID: 4477625531944754, guid: 8c37db077f4598b4e90d1f890ffabc08, type: 2}
      propertyPath: m_LocalRotation.z
      value: -0
      objectReference: {fileID: 0}
    - target: {fileID: 4477625531944754, guid: 8c37db077f4598b4e90d1f890ffabc08, type: 2}
      propertyPath: m_LocalRotation.w
      value: 1
      objectReference: {fileID: 0}
    - target: {fileID: 4477625531944754, guid: 8c37db077f4598b4e90d1f890ffabc08, type: 2}
      propertyPath: m_RootOrder
      value: 3
      objectReference: {fileID: 0}
    - target: {fileID: 4477625531944754, guid: 8c37db077f4598b4e90d1f890ffabc08, type: 2}
      propertyPath: m_LocalScale.x
      value: 20
      objectReference: {fileID: 0}
    m_RemovedComponents: []
  m_SourcePrefab: {fileID: 100100000, guid: 8c37db077f4598b4e90d1f890ffabc08, type: 2}
  m_IsPrefabAsset: 0
--- !u!1001 &749907278
Prefab:
  m_ObjectHideFlags: 0
  serializedVersion: 2
  m_Modification:
    m_TransformParent: {fileID: 0}
    m_Modifications:
    - target: {fileID: 4477625531944754, guid: 8c37db077f4598b4e90d1f890ffabc08, type: 2}
      propertyPath: m_LocalPosition.x
      value: 36
      objectReference: {fileID: 0}
    - target: {fileID: 4477625531944754, guid: 8c37db077f4598b4e90d1f890ffabc08, type: 2}
      propertyPath: m_LocalPosition.y
      value: 5
      objectReference: {fileID: 0}
    - target: {fileID: 4477625531944754, guid: 8c37db077f4598b4e90d1f890ffabc08, type: 2}
      propertyPath: m_LocalPosition.z
      value: 0
      objectReference: {fileID: 0}
    - target: {fileID: 4477625531944754, guid: 8c37db077f4598b4e90d1f890ffabc08, type: 2}
      propertyPath: m_LocalRotation.x
      value: -0
      objectReference: {fileID: 0}
    - target: {fileID: 4477625531944754, guid: 8c37db077f4598b4e90d1f890ffabc08, type: 2}
      propertyPath: m_LocalRotation.y
      value: -0
      objectReference: {fileID: 0}
    - target: {fileID: 4477625531944754, guid: 8c37db077f4598b4e90d1f890ffabc08, type: 2}
      propertyPath: m_LocalRotation.z
      value: -0
      objectReference: {fileID: 0}
    - target: {fileID: 4477625531944754, guid: 8c37db077f4598b4e90d1f890ffabc08, type: 2}
      propertyPath: m_LocalRotation.w
      value: 1
      objectReference: {fileID: 0}
    - target: {fileID: 4477625531944754, guid: 8c37db077f4598b4e90d1f890ffabc08, type: 2}
      propertyPath: m_RootOrder
      value: 12
      objectReference: {fileID: 0}
    - target: {fileID: 4477625531944754, guid: 8c37db077f4598b4e90d1f890ffabc08, type: 2}
      propertyPath: m_LocalScale.x
      value: 42
      objectReference: {fileID: 0}
    - target: {fileID: 1369799886931136, guid: 8c37db077f4598b4e90d1f890ffabc08, type: 2}
      propertyPath: m_Name
      value: Platform (7)
      objectReference: {fileID: 0}
    m_RemovedComponents: []
  m_SourcePrefab: {fileID: 100100000, guid: 8c37db077f4598b4e90d1f890ffabc08, type: 2}
  m_IsPrefabAsset: 0
--- !u!1 &846539733
GameObject:
  m_ObjectHideFlags: 0
  m_CorrespondingSourceObject: {fileID: 0}
  m_PrefabInternal: {fileID: 0}
  serializedVersion: 6
  m_Component:
  - component: {fileID: 846539736}
  - component: {fileID: 846539735}
  - component: {fileID: 846539734}
  m_Layer: 0
  m_Name: EventSystem
  m_TagString: Untagged
  m_Icon: {fileID: 0}
  m_NavMeshLayer: 0
  m_StaticEditorFlags: 0
  m_IsActive: 1
--- !u!114 &846539734
MonoBehaviour:
  m_ObjectHideFlags: 0
  m_CorrespondingSourceObject: {fileID: 0}
  m_PrefabInternal: {fileID: 0}
  m_GameObject: {fileID: 846539733}
  m_Enabled: 1
  m_EditorHideFlags: 0
  m_Script: {fileID: 1077351063, guid: f70555f144d8491a825f0804e09c671c, type: 3}
  m_Name: 
  m_EditorClassIdentifier: 
  m_HorizontalAxis: Horizontal
  m_VerticalAxis: Vertical
  m_SubmitButton: Submit
  m_CancelButton: Cancel
  m_InputActionsPerSecond: 10
  m_RepeatDelay: 0.5
  m_ForceModuleActive: 0
--- !u!114 &846539735
MonoBehaviour:
  m_ObjectHideFlags: 0
  m_CorrespondingSourceObject: {fileID: 0}
  m_PrefabInternal: {fileID: 0}
  m_GameObject: {fileID: 846539733}
  m_Enabled: 1
  m_EditorHideFlags: 0
  m_Script: {fileID: -619905303, guid: f70555f144d8491a825f0804e09c671c, type: 3}
  m_Name: 
  m_EditorClassIdentifier: 
  m_FirstSelected: {fileID: 0}
  m_sendNavigationEvents: 1
  m_DragThreshold: 10
--- !u!4 &846539736
Transform:
  m_ObjectHideFlags: 0
  m_CorrespondingSourceObject: {fileID: 0}
  m_PrefabInternal: {fileID: 0}
  m_GameObject: {fileID: 846539733}
  m_LocalRotation: {x: 0, y: 0, z: 0, w: 1}
  m_LocalPosition: {x: 0, y: 0, z: 0}
  m_LocalScale: {x: 1, y: 1, z: 1}
  m_Children: []
  m_Father: {fileID: 0}
  m_RootOrder: 5
  m_LocalEulerAnglesHint: {x: 0, y: 0, z: 0}
--- !u!1001 &1136808061
Prefab:
  m_ObjectHideFlags: 0
  serializedVersion: 2
  m_Modification:
    m_TransformParent: {fileID: 0}
    m_Modifications:
    - target: {fileID: 4477625531944754, guid: 8c37db077f4598b4e90d1f890ffabc08, type: 2}
      propertyPath: m_LocalPosition.x
      value: 60
      objectReference: {fileID: 0}
    - target: {fileID: 4477625531944754, guid: 8c37db077f4598b4e90d1f890ffabc08, type: 2}
      propertyPath: m_LocalPosition.y
      value: 10
      objectReference: {fileID: 0}
    - target: {fileID: 4477625531944754, guid: 8c37db077f4598b4e90d1f890ffabc08, type: 2}
      propertyPath: m_LocalPosition.z
      value: 0
      objectReference: {fileID: 0}
    - target: {fileID: 4477625531944754, guid: 8c37db077f4598b4e90d1f890ffabc08, type: 2}
      propertyPath: m_LocalRotation.x
      value: -0
      objectReference: {fileID: 0}
    - target: {fileID: 4477625531944754, guid: 8c37db077f4598b4e90d1f890ffabc08, type: 2}
      propertyPath: m_LocalRotation.y
      value: -0
      objectReference: {fileID: 0}
    - target: {fileID: 4477625531944754, guid: 8c37db077f4598b4e90d1f890ffabc08, type: 2}
      propertyPath: m_LocalRotation.z
      value: -0
      objectReference: {fileID: 0}
    - target: {fileID: 4477625531944754, guid: 8c37db077f4598b4e90d1f890ffabc08, type: 2}
      propertyPath: m_LocalRotation.w
      value: 1
      objectReference: {fileID: 0}
    - target: {fileID: 4477625531944754, guid: 8c37db077f4598b4e90d1f890ffabc08, type: 2}
      propertyPath: m_RootOrder
      value: 21
      objectReference: {fileID: 0}
    - target: {fileID: 4477625531944754, guid: 8c37db077f4598b4e90d1f890ffabc08, type: 2}
      propertyPath: m_LocalScale.x
      value: 10
      objectReference: {fileID: 0}
    - target: {fileID: 1369799886931136, guid: 8c37db077f4598b4e90d1f890ffabc08, type: 2}
      propertyPath: m_Name
      value: Platform (16)
      objectReference: {fileID: 0}
    m_RemovedComponents: []
  m_SourcePrefab: {fileID: 100100000, guid: 8c37db077f4598b4e90d1f890ffabc08, type: 2}
  m_IsPrefabAsset: 0
--- !u!1001 &1262090304
Prefab:
  m_ObjectHideFlags: 0
  serializedVersion: 2
  m_Modification:
    m_TransformParent: {fileID: 0}
    m_Modifications:
    - target: {fileID: 4254160667940456, guid: d94399e4759ff5f4c82c61ea82570b53, type: 2}
      propertyPath: m_LocalPosition.x
      value: 28
      objectReference: {fileID: 0}
    - target: {fileID: 4254160667940456, guid: d94399e4759ff5f4c82c61ea82570b53, type: 2}
      propertyPath: m_LocalPosition.y
      value: 9.5
      objectReference: {fileID: 0}
    - target: {fileID: 4254160667940456, guid: d94399e4759ff5f4c82c61ea82570b53, type: 2}
      propertyPath: m_LocalPosition.z
      value: 0
      objectReference: {fileID: 0}
    - target: {fileID: 4254160667940456, guid: d94399e4759ff5f4c82c61ea82570b53, type: 2}
      propertyPath: m_LocalRotation.x
      value: 1
      objectReference: {fileID: 0}
    - target: {fileID: 4254160667940456, guid: d94399e4759ff5f4c82c61ea82570b53, type: 2}
      propertyPath: m_LocalRotation.y
      value: 0
      objectReference: {fileID: 0}
    - target: {fileID: 4254160667940456, guid: d94399e4759ff5f4c82c61ea82570b53, type: 2}
      propertyPath: m_LocalRotation.z
      value: 0
      objectReference: {fileID: 0}
    - target: {fileID: 4254160667940456, guid: d94399e4759ff5f4c82c61ea82570b53, type: 2}
      propertyPath: m_LocalRotation.w
      value: 0
      objectReference: {fileID: 0}
    - target: {fileID: 4254160667940456, guid: d94399e4759ff5f4c82c61ea82570b53, type: 2}
      propertyPath: m_RootOrder
      value: 14
      objectReference: {fileID: 0}
    - target: {fileID: 1446122595836982, guid: d94399e4759ff5f4c82c61ea82570b53, type: 2}
      propertyPath: m_Name
      value: WalkerEnemy (2)
      objectReference: {fileID: 0}
    - target: {fileID: 4254160667940456, guid: d94399e4759ff5f4c82c61ea82570b53, type: 2}
      propertyPath: m_LocalEulerAnglesHint.x
      value: 180
      objectReference: {fileID: 0}
    m_RemovedComponents: []
  m_SourcePrefab: {fileID: 100100000, guid: d94399e4759ff5f4c82c61ea82570b53, type: 2}
  m_IsPrefabAsset: 0
--- !u!1001 &1268811992
Prefab:
  m_ObjectHideFlags: 0
  serializedVersion: 2
  m_Modification:
    m_TransformParent: {fileID: 0}
    m_Modifications:
    - target: {fileID: 4737303687450978, guid: 1fe0edcd67ecead46841cda0c9dfe082, type: 2}
      propertyPath: m_LocalPosition.x
      value: 41
      objectReference: {fileID: 0}
    - target: {fileID: 4737303687450978, guid: 1fe0edcd67ecead46841cda0c9dfe082, type: 2}
      propertyPath: m_LocalPosition.y
      value: 4.37
      objectReference: {fileID: 0}
    - target: {fileID: 4737303687450978, guid: 1fe0edcd67ecead46841cda0c9dfe082, type: 2}
      propertyPath: m_LocalPosition.z
      value: 0
      objectReference: {fileID: 0}
    - target: {fileID: 4737303687450978, guid: 1fe0edcd67ecead46841cda0c9dfe082, type: 2}
      propertyPath: m_LocalRotation.x
      value: 0.7071068
      objectReference: {fileID: 0}
    - target: {fileID: 4737303687450978, guid: 1fe0edcd67ecead46841cda0c9dfe082, type: 2}
      propertyPath: m_LocalRotation.y
      value: 0
      objectReference: {fileID: 0}
    - target: {fileID: 4737303687450978, guid: 1fe0edcd67ecead46841cda0c9dfe082, type: 2}
      propertyPath: m_LocalRotation.z
      value: 0
      objectReference: {fileID: 0}
    - target: {fileID: 4737303687450978, guid: 1fe0edcd67ecead46841cda0c9dfe082, type: 2}
      propertyPath: m_LocalRotation.w
      value: 0.7071068
      objectReference: {fileID: 0}
    - target: {fileID: 4737303687450978, guid: 1fe0edcd67ecead46841cda0c9dfe082, type: 2}
      propertyPath: m_RootOrder
      value: 28
      objectReference: {fileID: 0}
    - target: {fileID: 1527697825950510, guid: 1fe0edcd67ecead46841cda0c9dfe082, type: 2}
      propertyPath: m_Name
      value: Spike (7)
      objectReference: {fileID: 0}
    - target: {fileID: 4737303687450978, guid: 1fe0edcd67ecead46841cda0c9dfe082, type: 2}
      propertyPath: m_LocalEulerAnglesHint.x
      value: 90
      objectReference: {fileID: 0}
    m_RemovedComponents: []
  m_SourcePrefab: {fileID: 100100000, guid: 1fe0edcd67ecead46841cda0c9dfe082, type: 2}
  m_IsPrefabAsset: 0
--- !u!1001 &1269516856
Prefab:
  m_ObjectHideFlags: 0
  serializedVersion: 2
  m_Modification:
    m_TransformParent: {fileID: 0}
    m_Modifications:
    - target: {fileID: 4254160667940456, guid: d94399e4759ff5f4c82c61ea82570b53, type: 2}
      propertyPath: m_LocalPosition.x
      value: 31
      objectReference: {fileID: 0}
    - target: {fileID: 4254160667940456, guid: d94399e4759ff5f4c82c61ea82570b53, type: 2}
      propertyPath: m_LocalPosition.y
      value: 9.5
      objectReference: {fileID: 0}
    - target: {fileID: 4254160667940456, guid: d94399e4759ff5f4c82c61ea82570b53, type: 2}
      propertyPath: m_LocalPosition.z
      value: 0
      objectReference: {fileID: 0}
    - target: {fileID: 4254160667940456, guid: d94399e4759ff5f4c82c61ea82570b53, type: 2}
      propertyPath: m_LocalRotation.x
      value: 1
      objectReference: {fileID: 0}
    - target: {fileID: 4254160667940456, guid: d94399e4759ff5f4c82c61ea82570b53, type: 2}
      propertyPath: m_LocalRotation.y
      value: 0
      objectReference: {fileID: 0}
    - target: {fileID: 4254160667940456, guid: d94399e4759ff5f4c82c61ea82570b53, type: 2}
      propertyPath: m_LocalRotation.z
      value: 0
      objectReference: {fileID: 0}
    - target: {fileID: 4254160667940456, guid: d94399e4759ff5f4c82c61ea82570b53, type: 2}
      propertyPath: m_LocalRotation.w
      value: 0
      objectReference: {fileID: 0}
    - target: {fileID: 4254160667940456, guid: d94399e4759ff5f4c82c61ea82570b53, type: 2}
      propertyPath: m_RootOrder
      value: 15
      objectReference: {fileID: 0}
    - target: {fileID: 1446122595836982, guid: d94399e4759ff5f4c82c61ea82570b53, type: 2}
      propertyPath: m_Name
      value: WalkerEnemy (3)
      objectReference: {fileID: 0}
    - target: {fileID: 4254160667940456, guid: d94399e4759ff5f4c82c61ea82570b53, type: 2}
      propertyPath: m_LocalEulerAnglesHint.x
      value: 180
      objectReference: {fileID: 0}
    m_RemovedComponents: []
  m_SourcePrefab: {fileID: 100100000, guid: d94399e4759ff5f4c82c61ea82570b53, type: 2}
  m_IsPrefabAsset: 0
--- !u!1001 &1302770474
Prefab:
  m_ObjectHideFlags: 0
  serializedVersion: 2
  m_Modification:
    m_TransformParent: {fileID: 0}
    m_Modifications:
    - target: {fileID: 4477625531944754, guid: 8c37db077f4598b4e90d1f890ffabc08, type: 2}
      propertyPath: m_LocalPosition.x
      value: 28
      objectReference: {fileID: 0}
    - target: {fileID: 4477625531944754, guid: 8c37db077f4598b4e90d1f890ffabc08, type: 2}
      propertyPath: m_LocalPosition.y
      value: 10
      objectReference: {fileID: 0}
    - target: {fileID: 4477625531944754, guid: 8c37db077f4598b4e90d1f890ffabc08, type: 2}
      propertyPath: m_LocalPosition.z
      value: 0
      objectReference: {fileID: 0}
    - target: {fileID: 4477625531944754, guid: 8c37db077f4598b4e90d1f890ffabc08, type: 2}
      propertyPath: m_LocalRotation.x
      value: -0
      objectReference: {fileID: 0}
    - target: {fileID: 4477625531944754, guid: 8c37db077f4598b4e90d1f890ffabc08, type: 2}
      propertyPath: m_LocalRotation.y
      value: -0
      objectReference: {fileID: 0}
    - target: {fileID: 4477625531944754, guid: 8c37db077f4598b4e90d1f890ffabc08, type: 2}
      propertyPath: m_LocalRotation.z
      value: -0
      objectReference: {fileID: 0}
    - target: {fileID: 4477625531944754, guid: 8c37db077f4598b4e90d1f890ffabc08, type: 2}
      propertyPath: m_LocalRotation.w
      value: 1
      objectReference: {fileID: 0}
    - target: {fileID: 4477625531944754, guid: 8c37db077f4598b4e90d1f890ffabc08, type: 2}
      propertyPath: m_RootOrder
      value: 7
      objectReference: {fileID: 0}
    - target: {fileID: 4477625531944754, guid: 8c37db077f4598b4e90d1f890ffabc08, type: 2}
      propertyPath: m_LocalScale.x
      value: 40
      objectReference: {fileID: 0}
    - target: {fileID: 1369799886931136, guid: 8c37db077f4598b4e90d1f890ffabc08, type: 2}
      propertyPath: m_Name
      value: Platform (4)
      objectReference: {fileID: 0}
    m_RemovedComponents: []
  m_SourcePrefab: {fileID: 100100000, guid: 8c37db077f4598b4e90d1f890ffabc08, type: 2}
  m_IsPrefabAsset: 0
--- !u!1001 &1338160067
Prefab:
  m_ObjectHideFlags: 0
  serializedVersion: 2
  m_Modification:
    m_TransformParent: {fileID: 0}
    m_Modifications:
    - target: {fileID: 224919878155014486, guid: 63530dd25b86b2b47a54deab17b458eb,
        type: 2}
      propertyPath: m_RootOrder
      value: 0
      objectReference: {fileID: 0}
    - target: {fileID: 224919878155014486, guid: 63530dd25b86b2b47a54deab17b458eb,
        type: 2}
      propertyPath: m_LocalPosition.x
      value: 0
      objectReference: {fileID: 0}
    - target: {fileID: 224919878155014486, guid: 63530dd25b86b2b47a54deab17b458eb,
        type: 2}
      propertyPath: m_LocalPosition.y
      value: 0
      objectReference: {fileID: 0}
    - target: {fileID: 224919878155014486, guid: 63530dd25b86b2b47a54deab17b458eb,
        type: 2}
      propertyPath: m_LocalPosition.z
      value: 0
      objectReference: {fileID: 0}
    - target: {fileID: 224919878155014486, guid: 63530dd25b86b2b47a54deab17b458eb,
        type: 2}
      propertyPath: m_LocalRotation.x
      value: 0
      objectReference: {fileID: 0}
    - target: {fileID: 224919878155014486, guid: 63530dd25b86b2b47a54deab17b458eb,
        type: 2}
      propertyPath: m_LocalRotation.y
      value: 0
      objectReference: {fileID: 0}
    - target: {fileID: 224919878155014486, guid: 63530dd25b86b2b47a54deab17b458eb,
        type: 2}
      propertyPath: m_LocalRotation.z
      value: 0
      objectReference: {fileID: 0}
    - target: {fileID: 224919878155014486, guid: 63530dd25b86b2b47a54deab17b458eb,
        type: 2}
      propertyPath: m_LocalRotation.w
      value: 1
      objectReference: {fileID: 0}
    - target: {fileID: 224919878155014486, guid: 63530dd25b86b2b47a54deab17b458eb,
        type: 2}
      propertyPath: m_RootOrder
      value: 0
      objectReference: {fileID: 0}
    - target: {fileID: 224919878155014486, guid: 63530dd25b86b2b47a54deab17b458eb,
        type: 2}
      propertyPath: m_AnchoredPosition.x
      value: 0
      objectReference: {fileID: 0}
    - target: {fileID: 224919878155014486, guid: 63530dd25b86b2b47a54deab17b458eb,
        type: 2}
      propertyPath: m_AnchoredPosition.y
      value: 0
      objectReference: {fileID: 0}
    - target: {fileID: 224919878155014486, guid: 63530dd25b86b2b47a54deab17b458eb,
        type: 2}
      propertyPath: m_SizeDelta.x
      value: 0
      objectReference: {fileID: 0}
    - target: {fileID: 224919878155014486, guid: 63530dd25b86b2b47a54deab17b458eb,
        type: 2}
      propertyPath: m_SizeDelta.y
      value: 0
      objectReference: {fileID: 0}
    - target: {fileID: 224919878155014486, guid: 63530dd25b86b2b47a54deab17b458eb,
        type: 2}
      propertyPath: m_AnchorMin.x
      value: 0
      objectReference: {fileID: 0}
    - target: {fileID: 224919878155014486, guid: 63530dd25b86b2b47a54deab17b458eb,
        type: 2}
      propertyPath: m_AnchorMin.y
      value: 0
      objectReference: {fileID: 0}
    - target: {fileID: 224919878155014486, guid: 63530dd25b86b2b47a54deab17b458eb,
        type: 2}
      propertyPath: m_AnchorMax.x
      value: 0
      objectReference: {fileID: 0}
    - target: {fileID: 224919878155014486, guid: 63530dd25b86b2b47a54deab17b458eb,
        type: 2}
      propertyPath: m_AnchorMax.y
      value: 0
      objectReference: {fileID: 0}
    - target: {fileID: 224919878155014486, guid: 63530dd25b86b2b47a54deab17b458eb,
        type: 2}
      propertyPath: m_Pivot.x
      value: 0
      objectReference: {fileID: 0}
    - target: {fileID: 224919878155014486, guid: 63530dd25b86b2b47a54deab17b458eb,
        type: 2}
      propertyPath: m_Pivot.y
      value: 0
      objectReference: {fileID: 0}
    m_RemovedComponents: []
  m_SourcePrefab: {fileID: 100100000, guid: 63530dd25b86b2b47a54deab17b458eb, type: 2}
  m_IsPrefabAsset: 0
--- !u!1001 &1385003038
Prefab:
  m_ObjectHideFlags: 0
  serializedVersion: 2
  m_Modification:
    m_TransformParent: {fileID: 0}
    m_Modifications:
    - target: {fileID: 4477625531944754, guid: 8c37db077f4598b4e90d1f890ffabc08, type: 2}
      propertyPath: m_LocalPosition.x
      value: 38
      objectReference: {fileID: 0}
    - target: {fileID: 4477625531944754, guid: 8c37db077f4598b4e90d1f890ffabc08, type: 2}
      propertyPath: m_LocalPosition.y
      value: 0
      objectReference: {fileID: 0}
    - target: {fileID: 4477625531944754, guid: 8c37db077f4598b4e90d1f890ffabc08, type: 2}
      propertyPath: m_LocalPosition.z
      value: 0
      objectReference: {fileID: 0}
    - target: {fileID: 4477625531944754, guid: 8c37db077f4598b4e90d1f890ffabc08, type: 2}
      propertyPath: m_LocalRotation.x
      value: -0
      objectReference: {fileID: 0}
    - target: {fileID: 4477625531944754, guid: 8c37db077f4598b4e90d1f890ffabc08, type: 2}
      propertyPath: m_LocalRotation.y
      value: -0
      objectReference: {fileID: 0}
    - target: {fileID: 4477625531944754, guid: 8c37db077f4598b4e90d1f890ffabc08, type: 2}
      propertyPath: m_LocalRotation.z
      value: -0
      objectReference: {fileID: 0}
    - target: {fileID: 4477625531944754, guid: 8c37db077f4598b4e90d1f890ffabc08, type: 2}
      propertyPath: m_LocalRotation.w
      value: 1
      objectReference: {fileID: 0}
    - target: {fileID: 4477625531944754, guid: 8c37db077f4598b4e90d1f890ffabc08, type: 2}
      propertyPath: m_RootOrder
      value: 16
      objectReference: {fileID: 0}
    - target: {fileID: 4477625531944754, guid: 8c37db077f4598b4e90d1f890ffabc08, type: 2}
      propertyPath: m_LocalScale.x
      value: 25
      objectReference: {fileID: 0}
    - target: {fileID: 1369799886931136, guid: 8c37db077f4598b4e90d1f890ffabc08, type: 2}
      propertyPath: m_Name
      value: Platform (14)
      objectReference: {fileID: 0}
    m_RemovedComponents: []
  m_SourcePrefab: {fileID: 100100000, guid: 8c37db077f4598b4e90d1f890ffabc08, type: 2}
  m_IsPrefabAsset: 0
--- !u!1001 &1392498474
Prefab:
  m_ObjectHideFlags: 0
  serializedVersion: 2
  m_Modification:
    m_TransformParent: {fileID: 0}
    m_Modifications:
    - target: {fileID: 4254160667940456, guid: d94399e4759ff5f4c82c61ea82570b53, type: 2}
      propertyPath: m_LocalPosition.x
      value: 39
      objectReference: {fileID: 0}
    - target: {fileID: 4254160667940456, guid: d94399e4759ff5f4c82c61ea82570b53, type: 2}
      propertyPath: m_LocalPosition.y
      value: 5.5
      objectReference: {fileID: 0}
    - target: {fileID: 4254160667940456, guid: d94399e4759ff5f4c82c61ea82570b53, type: 2}
      propertyPath: m_LocalPosition.z
      value: 0
      objectReference: {fileID: 0}
    - target: {fileID: 4254160667940456, guid: d94399e4759ff5f4c82c61ea82570b53, type: 2}
      propertyPath: m_LocalRotation.x
      value: 0
      objectReference: {fileID: 0}
    - target: {fileID: 4254160667940456, guid: d94399e4759ff5f4c82c61ea82570b53, type: 2}
      propertyPath: m_LocalRotation.y
      value: 0
      objectReference: {fileID: 0}
    - target: {fileID: 4254160667940456, guid: d94399e4759ff5f4c82c61ea82570b53, type: 2}
      propertyPath: m_LocalRotation.z
      value: 0
      objectReference: {fileID: 0}
    - target: {fileID: 4254160667940456, guid: d94399e4759ff5f4c82c61ea82570b53, type: 2}
      propertyPath: m_LocalRotation.w
      value: 1
      objectReference: {fileID: 0}
    - target: {fileID: 4254160667940456, guid: d94399e4759ff5f4c82c61ea82570b53, type: 2}
      propertyPath: m_RootOrder
      value: 13
      objectReference: {fileID: 0}
    - target: {fileID: 1446122595836982, guid: d94399e4759ff5f4c82c61ea82570b53, type: 2}
      propertyPath: m_Name
      value: WalkerEnemy (1)
      objectReference: {fileID: 0}
    m_RemovedComponents: []
  m_SourcePrefab: {fileID: 100100000, guid: d94399e4759ff5f4c82c61ea82570b53, type: 2}
  m_IsPrefabAsset: 0
--- !u!1001 &1426426734
Prefab:
  m_ObjectHideFlags: 0
  serializedVersion: 2
  m_Modification:
    m_TransformParent: {fileID: 0}
    m_Modifications:
    - target: {fileID: 4254160667940456, guid: d94399e4759ff5f4c82c61ea82570b53, type: 2}
      propertyPath: m_LocalPosition.x
      value: 36
      objectReference: {fileID: 0}
    - target: {fileID: 4254160667940456, guid: d94399e4759ff5f4c82c61ea82570b53, type: 2}
      propertyPath: m_LocalPosition.y
      value: 5.5
      objectReference: {fileID: 0}
    - target: {fileID: 4254160667940456, guid: d94399e4759ff5f4c82c61ea82570b53, type: 2}
      propertyPath: m_LocalPosition.z
      value: 0
      objectReference: {fileID: 0}
    - target: {fileID: 4254160667940456, guid: d94399e4759ff5f4c82c61ea82570b53, type: 2}
      propertyPath: m_LocalRotation.x
      value: 0
      objectReference: {fileID: 0}
    - target: {fileID: 4254160667940456, guid: d94399e4759ff5f4c82c61ea82570b53, type: 2}
      propertyPath: m_LocalRotation.y
      value: 0
      objectReference: {fileID: 0}
    - target: {fileID: 4254160667940456, guid: d94399e4759ff5f4c82c61ea82570b53, type: 2}
      propertyPath: m_LocalRotation.z
      value: 0
      objectReference: {fileID: 0}
    - target: {fileID: 4254160667940456, guid: d94399e4759ff5f4c82c61ea82570b53, type: 2}
      propertyPath: m_LocalRotation.w
      value: 1
      objectReference: {fileID: 0}
    - target: {fileID: 4254160667940456, guid: d94399e4759ff5f4c82c61ea82570b53, type: 2}
      propertyPath: m_RootOrder
      value: 2
      objectReference: {fileID: 0}
    m_RemovedComponents: []
  m_SourcePrefab: {fileID: 100100000, guid: d94399e4759ff5f4c82c61ea82570b53, type: 2}
  m_IsPrefabAsset: 0
--- !u!1001 &1447996836
Prefab:
  m_ObjectHideFlags: 0
  serializedVersion: 2
  m_Modification:
    m_TransformParent: {fileID: 0}
    m_Modifications:
    - target: {fileID: 4477625531944754, guid: 8c37db077f4598b4e90d1f890ffabc08, type: 2}
      propertyPath: m_LocalPosition.x
      value: 73
      objectReference: {fileID: 0}
    - target: {fileID: 4477625531944754, guid: 8c37db077f4598b4e90d1f890ffabc08, type: 2}
      propertyPath: m_LocalPosition.y
      value: 1
      objectReference: {fileID: 0}
    - target: {fileID: 4477625531944754, guid: 8c37db077f4598b4e90d1f890ffabc08, type: 2}
      propertyPath: m_LocalPosition.z
      value: 0
      objectReference: {fileID: 0}
    - target: {fileID: 4477625531944754, guid: 8c37db077f4598b4e90d1f890ffabc08, type: 2}
      propertyPath: m_LocalRotation.x
      value: -0
      objectReference: {fileID: 0}
    - target: {fileID: 4477625531944754, guid: 8c37db077f4598b4e90d1f890ffabc08, type: 2}
      propertyPath: m_LocalRotation.y
      value: -0
      objectReference: {fileID: 0}
    - target: {fileID: 4477625531944754, guid: 8c37db077f4598b4e90d1f890ffabc08, type: 2}
      propertyPath: m_LocalRotation.z
      value: -0
      objectReference: {fileID: 0}
    - target: {fileID: 4477625531944754, guid: 8c37db077f4598b4e90d1f890ffabc08, type: 2}
      propertyPath: m_LocalRotation.w
      value: 1
      objectReference: {fileID: 0}
    - target: {fileID: 4477625531944754, guid: 8c37db077f4598b4e90d1f890ffabc08, type: 2}
      propertyPath: m_RootOrder
      value: 23
      objectReference: {fileID: 0}
    - target: {fileID: 4477625531944754, guid: 8c37db077f4598b4e90d1f890ffabc08, type: 2}
      propertyPath: m_LocalScale.x
      value: 7
      objectReference: {fileID: 0}
    - target: {fileID: 1369799886931136, guid: 8c37db077f4598b4e90d1f890ffabc08, type: 2}
      propertyPath: m_Name
      value: Platform (18)
      objectReference: {fileID: 0}
    m_RemovedComponents: []
  m_SourcePrefab: {fileID: 100100000, guid: 8c37db077f4598b4e90d1f890ffabc08, type: 2}
  m_IsPrefabAsset: 0
--- !u!1001 &1454668811
Prefab:
  m_ObjectHideFlags: 0
  serializedVersion: 2
  m_Modification:
    m_TransformParent: {fileID: 0}
    m_Modifications:
    - target: {fileID: 4619406076152504, guid: 342aa20fc31f25f40a1297bb2544f165, type: 2}
      propertyPath: m_LocalPosition.x
      value: 50
      objectReference: {fileID: 0}
    - target: {fileID: 4619406076152504, guid: 342aa20fc31f25f40a1297bb2544f165, type: 2}
      propertyPath: m_LocalPosition.y
      value: 0.5
      objectReference: {fileID: 0}
    - target: {fileID: 4619406076152504, guid: 342aa20fc31f25f40a1297bb2544f165, type: 2}
      propertyPath: m_LocalPosition.z
      value: 0
      objectReference: {fileID: 0}
    - target: {fileID: 4619406076152504, guid: 342aa20fc31f25f40a1297bb2544f165, type: 2}
      propertyPath: m_LocalRotation.x
      value: 0
      objectReference: {fileID: 0}
    - target: {fileID: 4619406076152504, guid: 342aa20fc31f25f40a1297bb2544f165, type: 2}
      propertyPath: m_LocalRotation.y
      value: 0
      objectReference: {fileID: 0}
    - target: {fileID: 4619406076152504, guid: 342aa20fc31f25f40a1297bb2544f165, type: 2}
      propertyPath: m_LocalRotation.z
      value: 0
      objectReference: {fileID: 0}
    - target: {fileID: 4619406076152504, guid: 342aa20fc31f25f40a1297bb2544f165, type: 2}
      propertyPath: m_LocalRotation.w
      value: 1
      objectReference: {fileID: 0}
    - target: {fileID: 4619406076152504, guid: 342aa20fc31f25f40a1297bb2544f165, type: 2}
      propertyPath: m_RootOrder
      value: 1
      objectReference: {fileID: 0}
    m_RemovedComponents: []
  m_SourcePrefab: {fileID: 100100000, guid: 342aa20fc31f25f40a1297bb2544f165, type: 2}
  m_IsPrefabAsset: 0
--- !u!1001 &1617753763
Prefab:
  m_ObjectHideFlags: 0
  serializedVersion: 2
  m_Modification:
    m_TransformParent: {fileID: 0}
    m_Modifications:
    - target: {fileID: 4477625531944754, guid: 8c37db077f4598b4e90d1f890ffabc08, type: 2}
      propertyPath: m_LocalPosition.x
      value: 67
      objectReference: {fileID: 0}
    - target: {fileID: 4477625531944754, guid: 8c37db077f4598b4e90d1f890ffabc08, type: 2}
      propertyPath: m_LocalPosition.y
      value: 5
      objectReference: {fileID: 0}
    - target: {fileID: 4477625531944754, guid: 8c37db077f4598b4e90d1f890ffabc08, type: 2}
      propertyPath: m_LocalPosition.z
      value: 0
      objectReference: {fileID: 0}
    - target: {fileID: 4477625531944754, guid: 8c37db077f4598b4e90d1f890ffabc08, type: 2}
      propertyPath: m_LocalRotation.x
      value: -0
      objectReference: {fileID: 0}
    - target: {fileID: 4477625531944754, guid: 8c37db077f4598b4e90d1f890ffabc08, type: 2}
      propertyPath: m_LocalRotation.y
      value: -0
      objectReference: {fileID: 0}
    - target: {fileID: 4477625531944754, guid: 8c37db077f4598b4e90d1f890ffabc08, type: 2}
      propertyPath: m_LocalRotation.z
      value: -0
      objectReference: {fileID: 0}
    - target: {fileID: 4477625531944754, guid: 8c37db077f4598b4e90d1f890ffabc08, type: 2}
      propertyPath: m_LocalRotation.w
      value: 1
      objectReference: {fileID: 0}
    - target: {fileID: 4477625531944754, guid: 8c37db077f4598b4e90d1f890ffabc08, type: 2}
      propertyPath: m_RootOrder
      value: 22
      objectReference: {fileID: 0}
    - target: {fileID: 4477625531944754, guid: 8c37db077f4598b4e90d1f890ffabc08, type: 2}
      propertyPath: m_LocalScale.x
      value: 7
      objectReference: {fileID: 0}
    - target: {fileID: 1369799886931136, guid: 8c37db077f4598b4e90d1f890ffabc08, type: 2}
      propertyPath: m_Name
      value: Platform (17)
      objectReference: {fileID: 0}
    m_RemovedComponents: []
  m_SourcePrefab: {fileID: 100100000, guid: 8c37db077f4598b4e90d1f890ffabc08, type: 2}
  m_IsPrefabAsset: 0
--- !u!1001 &1699448309
Prefab:
  m_ObjectHideFlags: 0
  serializedVersion: 2
  m_Modification:
    m_TransformParent: {fileID: 0}
    m_Modifications:
    - target: {fileID: 4737303687450978, guid: 1fe0edcd67ecead46841cda0c9dfe082, type: 2}
      propertyPath: m_LocalPosition.x
      value: 30
      objectReference: {fileID: 0}
    - target: {fileID: 4737303687450978, guid: 1fe0edcd67ecead46841cda0c9dfe082, type: 2}
      propertyPath: m_LocalPosition.y
      value: 4.37
      objectReference: {fileID: 0}
    - target: {fileID: 4737303687450978, guid: 1fe0edcd67ecead46841cda0c9dfe082, type: 2}
      propertyPath: m_LocalPosition.z
      value: 0
      objectReference: {fileID: 0}
    - target: {fileID: 4737303687450978, guid: 1fe0edcd67ecead46841cda0c9dfe082, type: 2}
      propertyPath: m_LocalRotation.x
      value: 0.7071068
      objectReference: {fileID: 0}
    - target: {fileID: 4737303687450978, guid: 1fe0edcd67ecead46841cda0c9dfe082, type: 2}
      propertyPath: m_LocalRotation.y
      value: 0
      objectReference: {fileID: 0}
    - target: {fileID: 4737303687450978, guid: 1fe0edcd67ecead46841cda0c9dfe082, type: 2}
      propertyPath: m_LocalRotation.z
      value: 0
      objectReference: {fileID: 0}
    - target: {fileID: 4737303687450978, guid: 1fe0edcd67ecead46841cda0c9dfe082, type: 2}
      propertyPath: m_LocalRotation.w
      value: 0.7071068
      objectReference: {fileID: 0}
    - target: {fileID: 4737303687450978, guid: 1fe0edcd67ecead46841cda0c9dfe082, type: 2}
      propertyPath: m_RootOrder
      value: 10
      objectReference: {fileID: 0}
    - target: {fileID: 1527697825950510, guid: 1fe0edcd67ecead46841cda0c9dfe082, type: 2}
      propertyPath: m_Name
      value: Spike (3)
      objectReference: {fileID: 0}
    - target: {fileID: 4737303687450978, guid: 1fe0edcd67ecead46841cda0c9dfe082, type: 2}
      propertyPath: m_LocalEulerAnglesHint.x
      value: 90
      objectReference: {fileID: 0}
    m_RemovedComponents: []
  m_SourcePrefab: {fileID: 100100000, guid: 1fe0edcd67ecead46841cda0c9dfe082, type: 2}
  m_IsPrefabAsset: 0
--- !u!1001 &1830637168
Prefab:
  m_ObjectHideFlags: 0
  serializedVersion: 2
  m_Modification:
    m_TransformParent: {fileID: 0}
    m_Modifications:
    - target: {fileID: 4477625531944754, guid: 8c37db077f4598b4e90d1f890ffabc08, type: 2}
      propertyPath: m_LocalPosition.x
      value: 60
      objectReference: {fileID: 0}
    - target: {fileID: 4477625531944754, guid: 8c37db077f4598b4e90d1f890ffabc08, type: 2}
      propertyPath: m_LocalPosition.y
      value: 0
      objectReference: {fileID: 0}
    - target: {fileID: 4477625531944754, guid: 8c37db077f4598b4e90d1f890ffabc08, type: 2}
      propertyPath: m_LocalPosition.z
      value: 0
      objectReference: {fileID: 0}
    - target: {fileID: 4477625531944754, guid: 8c37db077f4598b4e90d1f890ffabc08, type: 2}
      propertyPath: m_LocalRotation.x
      value: -0
      objectReference: {fileID: 0}
    - target: {fileID: 4477625531944754, guid: 8c37db077f4598b4e90d1f890ffabc08, type: 2}
      propertyPath: m_LocalRotation.y
      value: -0
      objectReference: {fileID: 0}
    - target: {fileID: 4477625531944754, guid: 8c37db077f4598b4e90d1f890ffabc08, type: 2}
      propertyPath: m_LocalRotation.z
      value: -0
      objectReference: {fileID: 0}
    - target: {fileID: 4477625531944754, guid: 8c37db077f4598b4e90d1f890ffabc08, type: 2}
      propertyPath: m_LocalRotation.w
      value: 1
      objectReference: {fileID: 0}
    - target: {fileID: 4477625531944754, guid: 8c37db077f4598b4e90d1f890ffabc08, type: 2}
      propertyPath: m_RootOrder
      value: 20
      objectReference: {fileID: 0}
    - target: {fileID: 4477625531944754, guid: 8c37db077f4598b4e90d1f890ffabc08, type: 2}
      propertyPath: m_LocalScale.x
      value: 10
      objectReference: {fileID: 0}
    - target: {fileID: 1369799886931136, guid: 8c37db077f4598b4e90d1f890ffabc08, type: 2}
      propertyPath: m_Name
      value: Platform (15)
      objectReference: {fileID: 0}
    m_RemovedComponents: []
  m_SourcePrefab: {fileID: 100100000, guid: 8c37db077f4598b4e90d1f890ffabc08, type: 2}
  m_IsPrefabAsset: 0
--- !u!1001 &1914341260
Prefab:
  m_ObjectHideFlags: 0
  serializedVersion: 2
  m_Modification:
    m_TransformParent: {fileID: 0}
    m_Modifications:
    - target: {fileID: 4737303687450978, guid: 1fe0edcd67ecead46841cda0c9dfe082, type: 2}
      propertyPath: m_LocalPosition.x
      value: 39
      objectReference: {fileID: 0}
    - target: {fileID: 4737303687450978, guid: 1fe0edcd67ecead46841cda0c9dfe082, type: 2}
      propertyPath: m_LocalPosition.y
      value: 4.37
      objectReference: {fileID: 0}
    - target: {fileID: 4737303687450978, guid: 1fe0edcd67ecead46841cda0c9dfe082, type: 2}
      propertyPath: m_LocalPosition.z
      value: 0
      objectReference: {fileID: 0}
    - target: {fileID: 4737303687450978, guid: 1fe0edcd67ecead46841cda0c9dfe082, type: 2}
      propertyPath: m_LocalRotation.x
      value: 0.7071068
      objectReference: {fileID: 0}
    - target: {fileID: 4737303687450978, guid: 1fe0edcd67ecead46841cda0c9dfe082, type: 2}
      propertyPath: m_LocalRotation.y
      value: 0
      objectReference: {fileID: 0}
    - target: {fileID: 4737303687450978, guid: 1fe0edcd67ecead46841cda0c9dfe082, type: 2}
      propertyPath: m_LocalRotation.z
      value: 0
      objectReference: {fileID: 0}
    - target: {fileID: 4737303687450978, guid: 1fe0edcd67ecead46841cda0c9dfe082, type: 2}
      propertyPath: m_LocalRotation.w
      value: 0.7071068
      objectReference: {fileID: 0}
    - target: {fileID: 4737303687450978, guid: 1fe0edcd67ecead46841cda0c9dfe082, type: 2}
      propertyPath: m_RootOrder
      value: 29
      objectReference: {fileID: 0}
    - target: {fileID: 1527697825950510, guid: 1fe0edcd67ecead46841cda0c9dfe082, type: 2}
      propertyPath: m_Name
      value: Spike (8)
      objectReference: {fileID: 0}
    - target: {fileID: 4737303687450978, guid: 1fe0edcd67ecead46841cda0c9dfe082, type: 2}
      propertyPath: m_LocalEulerAnglesHint.x
      value: 90
      objectReference: {fileID: 0}
    m_RemovedComponents: []
  m_SourcePrefab: {fileID: 100100000, guid: 1fe0edcd67ecead46841cda0c9dfe082, type: 2}
  m_IsPrefabAsset: 0
--- !u!1 &1963746020
GameObject:
  m_ObjectHideFlags: 0
  m_CorrespondingSourceObject: {fileID: 0}
  m_PrefabInternal: {fileID: 0}
  serializedVersion: 6
  m_Component:
  - component: {fileID: 1963746024}
  - component: {fileID: 1963746023}
  - component: {fileID: 1963746022}
  - component: {fileID: 1963746021}
  m_Layer: 0
  m_Name: Camera
  m_TagString: Untagged
  m_Icon: {fileID: 0}
  m_NavMeshLayer: 0
  m_StaticEditorFlags: 0
  m_IsActive: 1
--- !u!81 &1963746021
AudioListener:
  m_ObjectHideFlags: 0
  m_CorrespondingSourceObject: {fileID: 0}
  m_PrefabInternal: {fileID: 0}
  m_GameObject: {fileID: 1963746020}
  m_Enabled: 1
--- !u!124 &1963746022
Behaviour:
  m_ObjectHideFlags: 0
  m_CorrespondingSourceObject: {fileID: 0}
  m_PrefabInternal: {fileID: 0}
  m_GameObject: {fileID: 1963746020}
  m_Enabled: 1
--- !u!20 &1963746023
Camera:
  m_ObjectHideFlags: 0
  m_CorrespondingSourceObject: {fileID: 0}
  m_PrefabInternal: {fileID: 0}
  m_GameObject: {fileID: 1963746020}
  m_Enabled: 1
  serializedVersion: 2
  m_ClearFlags: 1
  m_BackGroundColor: {r: 0.19215687, g: 0.3019608, b: 0.4745098, a: 0}
  m_projectionMatrixMode: 1
  m_SensorSize: {x: 36, y: 24}
  m_LensShift: {x: 0, y: 0}
  m_FocalLength: 50
  m_NormalizedViewPortRect:
    serializedVersion: 2
    x: 0
    y: 0
    width: 1
    height: 1
  near clip plane: 0.3
  far clip plane: 1000
  field of view: 60
  orthographic: 0
  orthographic size: 5
  m_Depth: 0
  m_CullingMask:
    serializedVersion: 2
    m_Bits: 4294967295
  m_RenderingPath: -1
  m_TargetTexture: {fileID: 0}
  m_TargetDisplay: 0
  m_TargetEye: 3
  m_HDR: 1
  m_AllowMSAA: 1
  m_AllowDynamicResolution: 0
  m_ForceIntoRT: 0
  m_OcclusionCulling: 1
  m_StereoConvergence: 10
  m_StereoSeparation: 0.022
--- !u!4 &1963746024
Transform:
  m_ObjectHideFlags: 0
  m_CorrespondingSourceObject: {fileID: 0}
  m_PrefabInternal: {fileID: 0}
  m_GameObject: {fileID: 1963746020}
  m_LocalRotation: {x: 0, y: 0, z: 0, w: 1}
  m_LocalPosition: {x: 50, y: 5, z: 0}
  m_LocalScale: {x: 1, y: 1, z: 1}
  m_Children: []
  m_Father: {fileID: 0}
  m_RootOrder: 4
  m_LocalEulerAnglesHint: {x: 0, y: 0, z: 0}
