%YAML 1.1
%TAG !u! tag:unity3d.com,2011:
--- !u!29 &1
OcclusionCullingSettings:
  m_ObjectHideFlags: 0
  serializedVersion: 2
  m_OcclusionBakeSettings:
    smallestOccluder: 5
    smallestHole: 0.25
    backfaceThreshold: 100
  m_SceneGUID: 00000000000000000000000000000000
  m_OcclusionCullingData: {fileID: 0}
--- !u!104 &2
RenderSettings:
  m_ObjectHideFlags: 0
  serializedVersion: 9
  m_Fog: 0
  m_FogColor: {r: 0.5, g: 0.5, b: 0.5, a: 1}
  m_FogMode: 3
  m_FogDensity: 0.01
  m_LinearFogStart: 0
  m_LinearFogEnd: 300
  m_AmbientSkyColor: {r: 0.212, g: 0.227, b: 0.259, a: 1}
  m_AmbientEquatorColor: {r: 0.114, g: 0.125, b: 0.133, a: 1}
  m_AmbientGroundColor: {r: 0.047, g: 0.043, b: 0.035, a: 1}
  m_AmbientIntensity: 1
  m_AmbientMode: 0
  m_SubtractiveShadowColor: {r: 0.42, g: 0.478, b: 0.627, a: 1}
  m_SkyboxMaterial: {fileID: 10304, guid: 0000000000000000f000000000000000, type: 0}
  m_HaloStrength: 0.5
  m_FlareStrength: 1
  m_FlareFadeSpeed: 3
  m_HaloTexture: {fileID: 0}
  m_SpotCookie: {fileID: 10001, guid: 0000000000000000e000000000000000, type: 0}
  m_DefaultReflectionMode: 0
  m_DefaultReflectionResolution: 128
  m_ReflectionBounces: 1
  m_ReflectionIntensity: 1
  m_CustomReflection: {fileID: 0}
  m_Sun: {fileID: 0}
  m_IndirectSpecularColor: {r: 0.4482453, g: 0.49827206, b: 0.5755818, a: 1}
  m_UseRadianceAmbientProbe: 0
--- !u!157 &3
LightmapSettings:
  m_ObjectHideFlags: 0
  serializedVersion: 11
  m_GIWorkflowMode: 0
  m_GISettings:
    serializedVersion: 2
    m_BounceScale: 1
    m_IndirectOutputScale: 1
    m_AlbedoBoost: 1
    m_TemporalCoherenceThreshold: 1
    m_EnvironmentLightingMode: 0
    m_EnableBakedLightmaps: 1
    m_EnableRealtimeLightmaps: 1
  m_LightmapEditorSettings:
    serializedVersion: 10
    m_Resolution: 2
    m_BakeResolution: 40
    m_AtlasSize: 1024
    m_AO: 0
    m_AOMaxDistance: 1
    m_CompAOExponent: 1
    m_CompAOExponentDirect: 0
    m_Padding: 2
    m_LightmapParameters: {fileID: 0}
    m_LightmapsBakeMode: 1
    m_TextureCompression: 1
    m_FinalGather: 0
    m_FinalGatherFiltering: 1
    m_FinalGatherRayCount: 256
    m_ReflectionCompression: 2
    m_MixedBakeMode: 2
    m_BakeBackend: 1
    m_PVRSampling: 1
    m_PVRDirectSampleCount: 32
    m_PVRSampleCount: 500
    m_PVRBounces: 2
    m_PVRFilterTypeDirect: 0
    m_PVRFilterTypeIndirect: 0
    m_PVRFilterTypeAO: 0
    m_PVRFilteringMode: 1
    m_PVRCulling: 1
    m_PVRFilteringGaussRadiusDirect: 1
    m_PVRFilteringGaussRadiusIndirect: 5
    m_PVRFilteringGaussRadiusAO: 2
    m_PVRFilteringAtrousPositionSigmaDirect: 0.5
    m_PVRFilteringAtrousPositionSigmaIndirect: 2
    m_PVRFilteringAtrousPositionSigmaAO: 1
    m_ShowResolutionOverlay: 1
  m_LightingDataAsset: {fileID: 0}
  m_UseShadowmask: 1
--- !u!196 &4
NavMeshSettings:
  serializedVersion: 2
  m_ObjectHideFlags: 0
  m_BuildSettings:
    serializedVersion: 2
    agentTypeID: 0
    agentRadius: 0.5
    agentHeight: 2
    agentSlope: 45
    agentClimb: 0.4
    ledgeDropHeight: 0
    maxJumpAcrossDistance: 0
    minRegionArea: 2
    manualCellSize: 0
    cellSize: 0.16666667
    manualTileSize: 0
    tileSize: 256
    accuratePlacement: 0
    debug:
      m_Flags: 0
  m_NavMeshData: {fileID: 0}
--- !u!1001 &118181421
Prefab:
  m_ObjectHideFlags: 0
  serializedVersion: 2
  m_Modification:
    m_TransformParent: {fileID: 0}
    m_Modifications:
    - target: {fileID: 4828572302566596, guid: ab383c9ca50f21c4780fc71525d8c26b, type: 2}
      propertyPath: m_LocalPosition.x
      value: 2
      objectReference: {fileID: 0}
    - target: {fileID: 4828572302566596, guid: ab383c9ca50f21c4780fc71525d8c26b, type: 2}
      propertyPath: m_LocalPosition.y
      value: 2
      objectReference: {fileID: 0}
    - target: {fileID: 4828572302566596, guid: ab383c9ca50f21c4780fc71525d8c26b, type: 2}
      propertyPath: m_LocalPosition.z
      value: 0
      objectReference: {fileID: 0}
    - target: {fileID: 4828572302566596, guid: ab383c9ca50f21c4780fc71525d8c26b, type: 2}
      propertyPath: m_LocalRotation.x
      value: 0
      objectReference: {fileID: 0}
    - target: {fileID: 4828572302566596, guid: ab383c9ca50f21c4780fc71525d8c26b, type: 2}
      propertyPath: m_LocalRotation.y
      value: 0
      objectReference: {fileID: 0}
    - target: {fileID: 4828572302566596, guid: ab383c9ca50f21c4780fc71525d8c26b, type: 2}
      propertyPath: m_LocalRotation.z
      value: 0
      objectReference: {fileID: 0}
    - target: {fileID: 4828572302566596, guid: ab383c9ca50f21c4780fc71525d8c26b, type: 2}
      propertyPath: m_LocalRotation.w
      value: 1
      objectReference: {fileID: 0}
    - target: {fileID: 4828572302566596, guid: ab383c9ca50f21c4780fc71525d8c26b, type: 2}
      propertyPath: m_RootOrder
      value: 4
      objectReference: {fileID: 0}
    - target: {fileID: 1989658950945936, guid: ab383c9ca50f21c4780fc71525d8c26b, type: 2}
      propertyPath: m_IsActive
      value: 1
      objectReference: {fileID: 0}
    m_RemovedComponents: []
  m_SourcePrefab: {fileID: 100100000, guid: ab383c9ca50f21c4780fc71525d8c26b, type: 2}
  m_IsPrefabAsset: 0
--- !u!1001 &329579720
Prefab:
  m_ObjectHideFlags: 0
  serializedVersion: 2
  m_Modification:
    m_TransformParent: {fileID: 0}
    m_Modifications:
    - target: {fileID: 4737303687450978, guid: 1fe0edcd67ecead46841cda0c9dfe082, type: 2}
      propertyPath: m_LocalPosition.x
      value: 5.4848
      objectReference: {fileID: 0}
    - target: {fileID: 4737303687450978, guid: 1fe0edcd67ecead46841cda0c9dfe082, type: 2}
      propertyPath: m_LocalPosition.y
      value: 0.628
      objectReference: {fileID: 0}
    - target: {fileID: 4737303687450978, guid: 1fe0edcd67ecead46841cda0c9dfe082, type: 2}
      propertyPath: m_LocalPosition.z
      value: -0
      objectReference: {fileID: 0}
    - target: {fileID: 4737303687450978, guid: 1fe0edcd67ecead46841cda0c9dfe082, type: 2}
      propertyPath: m_LocalRotation.x
      value: -0.7071068
      objectReference: {fileID: 0}
    - target: {fileID: 4737303687450978, guid: 1fe0edcd67ecead46841cda0c9dfe082, type: 2}
      propertyPath: m_LocalRotation.y
      value: 0
      objectReference: {fileID: 0}
    - target: {fileID: 4737303687450978, guid: 1fe0edcd67ecead46841cda0c9dfe082, type: 2}
      propertyPath: m_LocalRotation.z
      value: 0
      objectReference: {fileID: 0}
    - target: {fileID: 4737303687450978, guid: 1fe0edcd67ecead46841cda0c9dfe082, type: 2}
      propertyPath: m_LocalRotation.w
      value: 0.7071068
      objectReference: {fileID: 0}
    - target: {fileID: 4737303687450978, guid: 1fe0edcd67ecead46841cda0c9dfe082, type: 2}
      propertyPath: m_RootOrder
      value: 7
      objectReference: {fileID: 0}
    - target: {fileID: 1527697825950510, guid: 1fe0edcd67ecead46841cda0c9dfe082, type: 2}
      propertyPath: m_Name
      value: Spike
      objectReference: {fileID: 0}
    m_RemovedComponents: []
  m_SourcePrefab: {fileID: 100100000, guid: 1fe0edcd67ecead46841cda0c9dfe082, type: 2}
  m_IsPrefabAsset: 0
--- !u!1 &753363235
GameObject:
  m_ObjectHideFlags: 0
  m_CorrespondingSourceObject: {fileID: 0}
  m_PrefabInternal: {fileID: 0}
  serializedVersion: 6
  m_Component:
  - component: {fileID: 753363237}
  - component: {fileID: 753363236}
  m_Layer: 0
  m_Name: Directional Light
  m_TagString: Untagged
  m_Icon: {fileID: 0}
  m_NavMeshLayer: 0
  m_StaticEditorFlags: 0
  m_IsActive: 1
--- !u!108 &753363236
Light:
  m_ObjectHideFlags: 0
  m_CorrespondingSourceObject: {fileID: 0}
  m_PrefabInternal: {fileID: 0}
  m_GameObject: {fileID: 753363235}
  m_Enabled: 1
  serializedVersion: 8
  m_Type: 1
  m_Color: {r: 1, g: 0.95686275, b: 0.8392157, a: 1}
  m_Intensity: 1
  m_Range: 5000
  m_SpotAngle: 30
  m_CookieSize: 10
  m_Shadows:
    m_Type: 2
    m_Resolution: -1
    m_CustomResolution: -1
    m_Strength: 1
    m_Bias: 0.05
    m_NormalBias: 0.4
    m_NearPlane: 0.2
  m_Cookie: {fileID: 0}
  m_DrawHalo: 0
  m_Flare: {fileID: 0}
  m_RenderMode: 0
  m_CullingMask:
    serializedVersion: 2
    m_Bits: 4294967295
  m_Lightmapping: 4
  m_LightShadowCasterMode: 0
  m_AreaSize: {x: 1, y: 1}
  m_BounceIntensity: 1
  m_ColorTemperature: 6570
  m_UseColorTemperature: 0
  m_ShadowRadius: 0
  m_ShadowAngle: 0
--- !u!4 &753363237
Transform:
  m_ObjectHideFlags: 0
  m_CorrespondingSourceObject: {fileID: 0}
  m_PrefabInternal: {fileID: 0}
  m_GameObject: {fileID: 753363235}
  m_LocalRotation: {x: 0.38268343, y: 0, z: 0, w: 0.92387956}
  m_LocalPosition: {x: 0, y: 0, z: 0}
  m_LocalScale: {x: 1, y: 1, z: 1}
  m_Children: []
  m_Father: {fileID: 0}
  m_RootOrder: 3
  m_LocalEulerAnglesHint: {x: 45, y: 0, z: 0}
--- !u!1001 &942339642
Prefab:
  m_ObjectHideFlags: 0
  serializedVersion: 2
  m_Modification:
    m_TransformParent: {fileID: 0}
    m_Modifications:
    - target: {fileID: 4431699009833974, guid: 8e9a433899a4408478672d14338e2f02, type: 2}
      propertyPath: m_LocalPosition.x
      value: 0
      objectReference: {fileID: 0}
    - target: {fileID: 4431699009833974, guid: 8e9a433899a4408478672d14338e2f02, type: 2}
      propertyPath: m_LocalPosition.y
      value: 5
      objectReference: {fileID: 0}
    - target: {fileID: 4431699009833974, guid: 8e9a433899a4408478672d14338e2f02, type: 2}
      propertyPath: m_LocalPosition.z
      value: -18
      objectReference: {fileID: 0}
    - target: {fileID: 4431699009833974, guid: 8e9a433899a4408478672d14338e2f02, type: 2}
      propertyPath: m_LocalRotation.x
      value: 0
      objectReference: {fileID: 0}
    - target: {fileID: 4431699009833974, guid: 8e9a433899a4408478672d14338e2f02, type: 2}
      propertyPath: m_LocalRotation.y
      value: 0
      objectReference: {fileID: 0}
    - target: {fileID: 4431699009833974, guid: 8e9a433899a4408478672d14338e2f02, type: 2}
      propertyPath: m_LocalRotation.z
      value: 0
      objectReference: {fileID: 0}
    - target: {fileID: 4431699009833974, guid: 8e9a433899a4408478672d14338e2f02, type: 2}
      propertyPath: m_LocalRotation.w
      value: 1
      objectReference: {fileID: 0}
    - target: {fileID: 4431699009833974, guid: 8e9a433899a4408478672d14338e2f02, type: 2}
      propertyPath: m_RootOrder
      value: 1
      objectReference: {fileID: 0}
    - target: {fileID: 114577721057979808, guid: 8e9a433899a4408478672d14338e2f02,
        type: 2}
      propertyPath: player
      value: 
      objectReference: {fileID: 1038115684}
    m_RemovedComponents: []
  m_SourcePrefab: {fileID: 100100000, guid: 8e9a433899a4408478672d14338e2f02, type: 2}
  m_IsPrefabAsset: 0
--- !u!1001 &994194833
Prefab:
  m_ObjectHideFlags: 0
  serializedVersion: 2
  m_Modification:
    m_TransformParent: {fileID: 0}
    m_Modifications:
    - target: {fileID: 4477625531944754, guid: 8c37db077f4598b4e90d1f890ffabc08, type: 2}
      propertyPath: m_LocalPosition.x
      value: 0
      objectReference: {fileID: 0}
    - target: {fileID: 4477625531944754, guid: 8c37db077f4598b4e90d1f890ffabc08, type: 2}
      propertyPath: m_LocalPosition.y
      value: 7
      objectReference: {fileID: 0}
    - target: {fileID: 4477625531944754, guid: 8c37db077f4598b4e90d1f890ffabc08, type: 2}
      propertyPath: m_LocalPosition.z
      value: 0
      objectReference: {fileID: 0}
    - target: {fileID: 4477625531944754, guid: 8c37db077f4598b4e90d1f890ffabc08, type: 2}
      propertyPath: m_LocalRotation.x
      value: -0
      objectReference: {fileID: 0}
    - target: {fileID: 4477625531944754, guid: 8c37db077f4598b4e90d1f890ffabc08, type: 2}
      propertyPath: m_LocalRotation.y
      value: -0
      objectReference: {fileID: 0}
    - target: {fileID: 4477625531944754, guid: 8c37db077f4598b4e90d1f890ffabc08, type: 2}
      propertyPath: m_LocalRotation.z
      value: -0
      objectReference: {fileID: 0}
    - target: {fileID: 4477625531944754, guid: 8c37db077f4598b4e90d1f890ffabc08, type: 2}
      propertyPath: m_LocalRotation.w
      value: 1
      objectReference: {fileID: 0}
    - target: {fileID: 4477625531944754, guid: 8c37db077f4598b4e90d1f890ffabc08, type: 2}
      propertyPath: m_RootOrder
      value: 5
      objectReference: {fileID: 0}
    - target: {fileID: 4477625531944754, guid: 8c37db077f4598b4e90d1f890ffabc08, type: 2}
      propertyPath: m_LocalScale.x
      value: 1000
      objectReference: {fileID: 0}
    - target: {fileID: 1369799886931136, guid: 8c37db077f4598b4e90d1f890ffabc08, type: 2}
      propertyPath: m_Name
      value: Platform (1)
      objectReference: {fileID: 0}
    - target: {fileID: 23876682647995010, guid: 8c37db077f4598b4e90d1f890ffabc08,
        type: 2}
      propertyPath: m_Materials.Array.data[0]
      value: 
      objectReference: {fileID: 2100000, guid: 03c120be0b710fe4fac71ad0b3da801c, type: 2}
    m_RemovedComponents: []
  m_SourcePrefab: {fileID: 100100000, guid: 8c37db077f4598b4e90d1f890ffabc08, type: 2}
  m_IsPrefabAsset: 0
--- !u!1 &1038115684 stripped
GameObject:
  m_CorrespondingSourceObject: {fileID: 1989658950945936, guid: ab383c9ca50f21c4780fc71525d8c26b,
    type: 2}
  m_PrefabInternal: {fileID: 118181421}
--- !u!1001 &1286535023
Prefab:
  m_ObjectHideFlags: 0
  serializedVersion: 2
  m_Modification:
    m_TransformParent: {fileID: 0}
    m_Modifications:
    - target: {fileID: 4477625531944754, guid: 8c37db077f4598b4e90d1f890ffabc08, type: 2}
      propertyPath: m_LocalPosition.x
      value: 0
      objectReference: {fileID: 0}
    - target: {fileID: 4477625531944754, guid: 8c37db077f4598b4e90d1f890ffabc08, type: 2}
      propertyPath: m_LocalPosition.y
      value: 0
      objectReference: {fileID: 0}
    - target: {fileID: 4477625531944754, guid: 8c37db077f4598b4e90d1f890ffabc08, type: 2}
      propertyPath: m_LocalPosition.z
      value: 0
      objectReference: {fileID: 0}
    - target: {fileID: 4477625531944754, guid: 8c37db077f4598b4e90d1f890ffabc08, type: 2}
      propertyPath: m_LocalRotation.x
      value: -0
      objectReference: {fileID: 0}
    - target: {fileID: 4477625531944754, guid: 8c37db077f4598b4e90d1f890ffabc08, type: 2}
      propertyPath: m_LocalRotation.y
      value: -0
      objectReference: {fileID: 0}
    - target: {fileID: 4477625531944754, guid: 8c37db077f4598b4e90d1f890ffabc08, type: 2}
      propertyPath: m_LocalRotation.z
      value: -0
      objectReference: {fileID: 0}
    - target: {fileID: 4477625531944754, guid: 8c37db077f4598b4e90d1f890ffabc08, type: 2}
      propertyPath: m_LocalRotation.w
      value: 1
      objectReference: {fileID: 0}
    - target: {fileID: 4477625531944754, guid: 8c37db077f4598b4e90d1f890ffabc08, type: 2}
      propertyPath: m_RootOrder
      value: 2
      objectReference: {fileID: 0}
    - target: {fileID: 4477625531944754, guid: 8c37db077f4598b4e90d1f890ffabc08, type: 2}
      propertyPath: m_LocalScale.x
      value: 1000
      objectReference: {fileID: 0}
    - target: {fileID: 23876682647995010, guid: 8c37db077f4598b4e90d1f890ffabc08,
        type: 2}
      propertyPath: m_Materials.Array.data[0]
      value: 
      objectReference: {fileID: 2100000, guid: 1807345c294c9184f9608fecc48d764f, type: 2}
    - target: {fileID: 23876682647995010, guid: 8c37db077f4598b4e90d1f890ffabc08,
        type: 2}
      propertyPath: m_DynamicOccludee
      value: 1
      objectReference: {fileID: 0}
    - target: {fileID: 1369799886931136, guid: 8c37db077f4598b4e90d1f890ffabc08, type: 2}
      propertyPath: m_StaticEditorFlags
      value: 0
      objectReference: {fileID: 0}
    m_RemovedComponents: []
  m_SourcePrefab: {fileID: 100100000, guid: 8c37db077f4598b4e90d1f890ffabc08, type: 2}
  m_IsPrefabAsset: 0
--- !u!1001 &1373303812
Prefab:
  m_ObjectHideFlags: 0
  serializedVersion: 2
  m_Modification:
    m_TransformParent: {fileID: 0}
    m_Modifications:
    - target: {fileID: 4744724313803204, guid: 583ff602f6d76724e83d7137a2c0ecf3, type: 2}
      propertyPath: m_LocalPosition.x
      value: 37.75
      objectReference: {fileID: 0}
    - target: {fileID: 4744724313803204, guid: 583ff602f6d76724e83d7137a2c0ecf3, type: 2}
      propertyPath: m_LocalPosition.y
      value: 2
      objectReference: {fileID: 0}
    - target: {fileID: 4744724313803204, guid: 583ff602f6d76724e83d7137a2c0ecf3, type: 2}
      propertyPath: m_LocalPosition.z
      value: 0
      objectReference: {fileID: 0}
    - target: {fileID: 4744724313803204, guid: 583ff602f6d76724e83d7137a2c0ecf3, type: 2}
      propertyPath: m_LocalRotation.x
      value: 0
      objectReference: {fileID: 0}
    - target: {fileID: 4744724313803204, guid: 583ff602f6d76724e83d7137a2c0ecf3, type: 2}
      propertyPath: m_LocalRotation.y
      value: 0
      objectReference: {fileID: 0}
    - target: {fileID: 4744724313803204, guid: 583ff602f6d76724e83d7137a2c0ecf3, type: 2}
      propertyPath: m_LocalRotation.z
      value: 0
      objectReference: {fileID: 0}
    - target: {fileID: 4744724313803204, guid: 583ff602f6d76724e83d7137a2c0ecf3, type: 2}
      propertyPath: m_LocalRotation.w
      value: 1
      objectReference: {fileID: 0}
    - target: {fileID: 4744724313803204, guid: 583ff602f6d76724e83d7137a2c0ecf3, type: 2}
      propertyPath: m_RootOrder
      value: 6
      objectReference: {fileID: 0}
    - target: {fileID: 114671851606839272, guid: 583ff602f6d76724e83d7137a2c0ecf3,
        type: 2}
      propertyPath: target
      value: 
      objectReference: {fileID: 1038115684}
    m_RemovedComponents: []
  m_SourcePrefab: {fileID: 100100000, guid: 583ff602f6d76724e83d7137a2c0ecf3, type: 2}
  m_IsPrefabAsset: 0
--- !u!1001 &1452300648
Prefab:
  m_ObjectHideFlags: 0
  serializedVersion: 2
  m_Modification:
    m_TransformParent: {fileID: 0}
    m_Modifications:
    - target: {fileID: 4744724313803204, guid: 583ff602f6d76724e83d7137a2c0ecf3, type: 2}
      propertyPath: m_LocalPosition.x
      value: 75
      objectReference: {fileID: 0}
    - target: {fileID: 4744724313803204, guid: 583ff602f6d76724e83d7137a2c0ecf3, type: 2}
      propertyPath: m_LocalPosition.y
      value: 1.5
      objectReference: {fileID: 0}
    - target: {fileID: 4744724313803204, guid: 583ff602f6d76724e83d7137a2c0ecf3, type: 2}
      propertyPath: m_LocalPosition.z
      value: 0
      objectReference: {fileID: 0}
    - target: {fileID: 4744724313803204, guid: 583ff602f6d76724e83d7137a2c0ecf3, type: 2}
      propertyPath: m_LocalRotation.x
      value: 0
      objectReference: {fileID: 0}
    - target: {fileID: 4744724313803204, guid: 583ff602f6d76724e83d7137a2c0ecf3, type: 2}
      propertyPath: m_LocalRotation.y
      value: 0
      objectReference: {fileID: 0}
    - target: {fileID: 4744724313803204, guid: 583ff602f6d76724e83d7137a2c0ecf3, type: 2}
      propertyPath: m_LocalRotation.z
      value: 0
      objectReference: {fileID: 0}
    - target: {fileID: 4744724313803204, guid: 583ff602f6d76724e83d7137a2c0ecf3, type: 2}
      propertyPath: m_LocalRotation.w
      value: 1
      objectReference: {fileID: 0}
    - target: {fileID: 4744724313803204, guid: 583ff602f6d76724e83d7137a2c0ecf3, type: 2}
      propertyPath: m_RootOrder
      value: 8
      objectReference: {fileID: 0}
    - target: {fileID: 114671851606839272, guid: 583ff602f6d76724e83d7137a2c0ecf3,
        type: 2}
      propertyPath: target
      value: 
      objectReference: {fileID: 1038115684}
    - target: {fileID: 136460607878671922, guid: 583ff602f6d76724e83d7137a2c0ecf3,
        type: 2}
      propertyPath: m_IsTrigger
      value: 1
      objectReference: {fileID: 0}
    - target: {fileID: 114671851606839272, guid: 583ff602f6d76724e83d7137a2c0ecf3,
        type: 2}
      propertyPath: brain
      value: 
      objectReference: {fileID: 11400000, guid: e387e03b75f77bc48b688350115f453b,
        type: 2}
    - target: {fileID: 1954671512084560, guid: 583ff602f6d76724e83d7137a2c0ecf3, type: 2}
      propertyPath: m_Name
      value: Enemy (1)
      objectReference: {fileID: 0}
    - target: {fileID: 4744724313803204, guid: 583ff602f6d76724e83d7137a2c0ecf3, type: 2}
      propertyPath: m_LocalEulerAnglesHint.y
      value: 0
      objectReference: {fileID: 0}
    - target: {fileID: 4744724313803204, guid: 583ff602f6d76724e83d7137a2c0ecf3, type: 2}
      propertyPath: m_LocalEulerAnglesHint.z
      value: 0
      objectReference: {fileID: 0}
    - target: {fileID: 4744724313803204, guid: 583ff602f6d76724e83d7137a2c0ecf3, type: 2}
      propertyPath: m_LocalEulerAnglesHint.x
      value: 0
      objectReference: {fileID: 0}
    m_RemovedComponents: []
  m_SourcePrefab: {fileID: 100100000, guid: 583ff602f6d76724e83d7137a2c0ecf3, type: 2}
  m_IsPrefabAsset: 0
--- !u!1 &1452300649 stripped
GameObject:
  m_CorrespondingSourceObject: {fileID: 1954671512084560, guid: 583ff602f6d76724e83d7137a2c0ecf3,
    type: 2}
  m_PrefabInternal: {fileID: 1452300648}
--- !u!114 &1452300650
MonoBehaviour:
  m_ObjectHideFlags: 0
  m_CorrespondingSourceObject: {fileID: 0}
  m_PrefabInternal: {fileID: 0}
  m_GameObject: {fileID: 1452300649}
  m_Enabled: 1
  m_EditorHideFlags: 0
  m_Script: {fileID: 11500000, guid: 8e9e0debbdaf6b44481d90c0bedb05b3, type: 3}
  m_Name: 
  m_EditorClassIdentifier: 
  projectile: {fileID: 1678131269981578, guid: 65b731bef0a4d2d4888562d63819ba12, type: 2}
--- !u!1001 &2055207542
Prefab:
  m_ObjectHideFlags: 0
  serializedVersion: 2
  m_Modification:
    m_TransformParent: {fileID: 0}
    m_Modifications:
    - target: {fileID: 224841531991998742, guid: 96f95f15626073e49ab277c1567c2ce4,
        type: 2}
      propertyPath: m_RootOrder
      value: 0
      objectReference: {fileID: 0}
    - target: {fileID: 224841531991998742, guid: 96f95f15626073e49ab277c1567c2ce4,
        type: 2}
      propertyPath: m_LocalPosition.x
      value: 0
      objectReference: {fileID: 0}
    - target: {fileID: 224841531991998742, guid: 96f95f15626073e49ab277c1567c2ce4,
        type: 2}
      propertyPath: m_LocalPosition.y
      value: 0
      objectReference: {fileID: 0}
    - target: {fileID: 224841531991998742, guid: 96f95f15626073e49ab277c1567c2ce4,
        type: 2}
      propertyPath: m_LocalPosition.z
      value: 0
      objectReference: {fileID: 0}
    - target: {fileID: 224841531991998742, guid: 96f95f15626073e49ab277c1567c2ce4,
        type: 2}
      propertyPath: m_LocalRotation.x
      value: 0
      objectReference: {fileID: 0}
    - target: {fileID: 224841531991998742, guid: 96f95f15626073e49ab277c1567c2ce4,
        type: 2}
      propertyPath: m_LocalRotation.y
      value: 0
      objectReference: {fileID: 0}
    - target: {fileID: 224841531991998742, guid: 96f95f15626073e49ab277c1567c2ce4,
        type: 2}
      propertyPath: m_LocalRotation.z
      value: 0
      objectReference: {fileID: 0}
    - target: {fileID: 224841531991998742, guid: 96f95f15626073e49ab277c1567c2ce4,
        type: 2}
      propertyPath: m_LocalRotation.w
      value: 1
      objectReference: {fileID: 0}
    - target: {fileID: 224841531991998742, guid: 96f95f15626073e49ab277c1567c2ce4,
        type: 2}
      propertyPath: m_RootOrder
      value: 0
      objectReference: {fileID: 0}
    - target: {fileID: 224841531991998742, guid: 96f95f15626073e49ab277c1567c2ce4,
        type: 2}
      propertyPath: m_AnchoredPosition.x
      value: 0
      objectReference: {fileID: 0}
    - target: {fileID: 224841531991998742, guid: 96f95f15626073e49ab277c1567c2ce4,
        type: 2}
      propertyPath: m_AnchoredPosition.y
      value: 0
      objectReference: {fileID: 0}
    - target: {fileID: 224841531991998742, guid: 96f95f15626073e49ab277c1567c2ce4,
        type: 2}
      propertyPath: m_SizeDelta.x
      value: 0
      objectReference: {fileID: 0}
    - target: {fileID: 224841531991998742, guid: 96f95f15626073e49ab277c1567c2ce4,
        type: 2}
      propertyPath: m_SizeDelta.y
      value: 0
      objectReference: {fileID: 0}
    - target: {fileID: 224841531991998742, guid: 96f95f15626073e49ab277c1567c2ce4,
        type: 2}
      propertyPath: m_AnchorMin.x
      value: 0
      objectReference: {fileID: 0}
    - target: {fileID: 224841531991998742, guid: 96f95f15626073e49ab277c1567c2ce4,
        type: 2}
      propertyPath: m_AnchorMin.y
      value: 0
      objectReference: {fileID: 0}
    - target: {fileID: 224841531991998742, guid: 96f95f15626073e49ab277c1567c2ce4,
        type: 2}
      propertyPath: m_AnchorMax.x
      value: 0
      objectReference: {fileID: 0}
    - target: {fileID: 224841531991998742, guid: 96f95f15626073e49ab277c1567c2ce4,
        type: 2}
      propertyPath: m_AnchorMax.y
      value: 0
      objectReference: {fileID: 0}
    - target: {fileID: 224841531991998742, guid: 96f95f15626073e49ab277c1567c2ce4,
        type: 2}
      propertyPath: m_Pivot.x
      value: 0
      objectReference: {fileID: 0}
    - target: {fileID: 224841531991998742, guid: 96f95f15626073e49ab277c1567c2ce4,
        type: 2}
      propertyPath: m_Pivot.y
      value: 0
      objectReference: {fileID: 0}
    - target: {fileID: 224058924379325618, guid: 96f95f15626073e49ab277c1567c2ce4,
        type: 2}
      propertyPath: m_AnchorMax.x
      value: 0
      objectReference: {fileID: 0}
    - target: {fileID: 224058924379325618, guid: 96f95f15626073e49ab277c1567c2ce4,
        type: 2}
      propertyPath: m_AnchorMax.y
      value: 0
      objectReference: {fileID: 0}
    - target: {fileID: 224084719015021328, guid: 96f95f15626073e49ab277c1567c2ce4,
        type: 2}
      propertyPath: m_AnchorMin.x
      value: 0
      objectReference: {fileID: 0}
    - target: {fileID: 224084719015021328, guid: 96f95f15626073e49ab277c1567c2ce4,
        type: 2}
      propertyPath: m_AnchorMax.x
      value: 0
      objectReference: {fileID: 0}
    - target: {fileID: 224084719015021328, guid: 96f95f15626073e49ab277c1567c2ce4,
        type: 2}
      propertyPath: m_AnchorMax.y
      value: 0
      objectReference: {fileID: 0}
    m_RemovedComponents: []
  m_SourcePrefab: {fileID: 100100000, guid: 96f95f15626073e49ab277c1567c2ce4, type: 2}
  m_IsPrefabAsset: 0
